	Row ID	Order ID	Order Date	Ship Date	Ship Mode	Customer ID	Customer Name	Segment	City	State	Country	Postal Code	Market	Region	Product ID	Category	Sub-Category	Product Name	Sales	Quantity	Discount	Profit	Shipping Cost	Order Priority
35180	29165	IN-2014-24531	8/15/14	8/19/14	Standard Class	AS-10285	Alejandro Savely	Corporate	Guangzhou	Guangdong	China		APAC	North Asia	OFF-SU-10001343	Office Supplies	Supplies	Elite Scissors, High Speed	45,06	2	0	5,4	3,53	Medium
39850	39615	CA-2014-130904	4/12/14	4/17/14	Standard Class	HM-14980	Henry MacAllister	Consumer	Burlington	North Carolina	United States	27217.0	US	South	OFF-AR-10000127	Office Supplies	Art	Newell 321	20,992	8	0,2	2,3616	2,28	Medium
41575	39158	CA-2012-142993	10/12/12	10/17/12	Standard Class	KA-16525	Kelly Andreada	Consumer	Seattle	Washington	United States	98103.0	US	West	TEC-AC-10003038	Technology	Accessories	Kingston Digital DataTraveler 16GB USB 2.0	17,9	2	0	3,401	1,91	Medium
12393	2193	MX-2013-169502	6/13/13	6/15/13	Second Class	AJ-10960	Astrea Jones	Consumer	Santo Domingo	Santo Domingo	Dominican Republic		LATAM	Caribbean	TEC-AC-10001341	Technology	Accessories	Enermax Memory Card, USB	183,36	3	0,2	22,92	25,54	Critical
45530	23217	IN-2014-50627	9/14/14	9/18/14	Standard Class	LW-16825	Laurel Workman	Corporate	Jinhua	Zhejiang	China		APAC	North Asia	OFF-EN-10001977	Office Supplies	Envelopes	Cameo Business Envelopes, Recycled	31,5	2	0	6,9	1,14	Medium
30474	42118	IR-2013-6870	10/22/13	10/27/13	Standard Class	EL-3735	Ed Ludwig	Home Office	Shiraz	Fars	Iran		EMEA	EMEA	OFF-AVE-10003549	Office Supplies	Binders	Avery Binding Machine, Recycled	98,4	2	0	42,3	5,29	Medium
3529	13089	ES-2011-2302372	8/15/11	8/15/11	Same Day	JF-15565	Jill Fjeld	Consumer	Bolton	England	United Kingdom		EU	North	OFF-BI-10004195	Office Supplies	Binders	Wilson Jones Binding Machine, Clear	338,94	7	0	101,64	87,72	Critical
49531	29345	IN-2014-72222	10/25/14	10/29/14	Second Class	PB-19150	Philip Brown	Consumer	Shah Alam	Selangor	Malaysia		APAC	Southeast Asia	OFF-EN-10002003	Office Supplies	Envelopes	Ames Clasp Envelope, Set of 50	14,4	2	0	6,18	0,45	Medium
14988	39749	CA-2013-125087	4/19/13	4/24/13	Standard Class	TH-21115	Thea Hudgings	Corporate	Houston	Texas	United States	77070.0	US	Central	FUR-CH-10002880	Furniture	Chairs	Global High-Back Leather Tilter, Burgundy	344,372	4	0,3	-93,4724	19,76	Medium
5721	21514	IN-2013-34457	5/16/13	5/22/13	Standard Class	MZ-17515	Mary Zewe	Corporate	Jamnagar	Gujarat	India		APAC	Central Asia	TEC-PH-10004402	Technology	Phones	Cisco Headset, with Caller ID	707,52	8	0	297,12	58,83	Medium
45704	31868	CA-2014-164826	12/29/14	1/5/15	Standard Class	JF-15415	Jennifer Ferguson	Consumer	New York City	New York	United States	10024.0	US	East	OFF-FA-10000585	Office Supplies	Fasteners	OIC Bulk Pack Metal Binder Clips	13,96	4	0	6,4216	1,11	Low
32188	15814	IT-2012-5447759	10/5/12	10/12/12	Standard Class	LD-16855	Lela Donovan	Corporate	Lausanne	Vaud	Switzerland		EU	Central	OFF-ST-10001562	Office Supplies	Storage	Fellowes Box, Industrial	60,48	3	0	2,97	4,58	Medium
47837	44665	TU-2011-9940	6/2/11	6/7/11	Second Class	NW-8400	Natalie Webber	Consumer	Ankara	Ankara	Turkey		EMEA	EMEA	OFF-SAN-10003285	Office Supplies	Art	Sanford Pens, Fluorescent	9,888	2	0,6	-7,932	0,76	Medium
48328	9213	US-2014-118297	10/22/14	10/27/14	Standard Class	GT-14710	Greg Tran	Consumer	Tegucigalpa	Francisco Morazán	Honduras		LATAM	Central	OFF-BI-10003975	Office Supplies	Binders	Cardinal Index Tab, Durable	12,192	4	0,4	-0,0480000000000004	0,675	Medium
220	51284	RS-2014-4620	8/14/14	8/16/14	Second Class	CR-2625	Corey Roper	Home Office	Astrakhan'	Astrakhan'	Russia		EMEA	EMEA	FUR-SAU-10002255	Furniture	Bookcases	Sauder Classic Bookcase, Pine	3498,72	8	0	594,72	410,05	Medium
25698	19514	ES-2011-3793897	5/10/11	5/15/11	Standard Class	CC-12550	Clay Cheatham	Consumer	Champigny-sur-Marne	Ile-de-France	France		EU	Central	TEC-MA-10003198	Technology	Machines	Konica Phone, White	71,91	1	0,15	16,92	7,76	Medium
10747	4819	MX-2011-130008	12/9/11	12/10/11	First Class	AH-10030	Aaron Hawkins	Corporate	Saltillo	Coahuila	Mexico		LATAM	North	OFF-AR-10000904	Office Supplies	Art	Sanford Sketch Pad, Blue	181,92	6	0	9	30,229	High
48786	31499	CA-2011-133690	8/3/11	8/5/11	First Class	BS-11755	Bruce Stewart	Consumer	Denver	Colorado	United States	80219.0	US	West	OFF-AP-10003622	Office Supplies	Appliances	Bravo II Megaboss 12-Amp Hard Body Upright, Replacement Belts, 2 Belts per Pack	2,6	1	0,2	0,2925	0,59	High
15123	2917	MX-2012-163279	6/1/12	6/3/12	Second Class	RD-19930	Russell D'Ascenzo	Consumer	Ciego de Ávila	Ciego de Ávila	Cuba		LATAM	Caribbean	FUR-FU-10003694	Furniture	Furnishings	Rubbermaid Clock, Duo Pack	100,44	3	0	16,02	19,484	Critical
234	49833	EG-2012-4640	3/30/12	4/1/12	First Class	JR-5670	Jim Radford	Consumer	Cairo	Al Qahirah	Egypt		Africa	Africa	TEC-NOK-10001283	Technology	Phones	Nokia Smart Phone, Full Size	1274,7	2	0	140,16	399,96	Critical
35518	27100	IN-2011-62331	5/23/11	5/29/11	Standard Class	RE-19405	Ricardo Emerson	Consumer	Newcastle	New South Wales	Australia		APAC	Oceania	OFF-LA-10000436	Office Supplies	Labels	Novimex File Folder Labels, 5000 Label Set	38,88	5	0,1	-0,12	3,43	Medium
17344	12332	ES-2011-1664904	6/26/11	6/28/11	First Class	BW-11200	Ben Wallace	Consumer	Dieppe	Upper Normandy	France		EU	Central	OFF-AR-10004825	Office Supplies	Art	BIC Canvas, Fluorescent	54,96	1	0	19,23	15,86	Critical
7879	34899	CA-2011-159835	11/17/11	11/24/11	Standard Class	RB-19330	Randy Bradley	Consumer	Philadelphia	Pennsylvania	United States	19143.0	US	East	FUR-CH-10004997	Furniture	Chairs	Hon Every-Day Series Multi-Task Chairs	657,93	5	0,3	-93,99	43,04	Medium
12547	24078	IN-2014-60602	5/28/14	6/1/14	Second Class	DB-12970	Darren Budd	Corporate	Mandurah	Western Australia	Australia		APAC	Oceania	OFF-BI-10001266	Office Supplies	Binders	Acco 3-Hole Punch, Economy	243,972	9	0,1	13,392	25,11	High
36535	4127	MX-2013-137729	5/3/13	5/7/13	Standard Class	SC-20380	Shahid Collister	Consumer	Caracas	Distrito Capital	Venezuela		LATAM	South	OFF-PA-10000994	Office Supplies	Paper	Enermax Message Books, 8.5 x 11	53,28	5	0,4	-0,0200000000000045	3,131	Medium
23488	49891	IS-2011-7780	9/20/11	9/24/11	Standard Class	TG-11640	Trudy Glocke	Consumer	Haifa	Haifa	Israel		EMEA	EMEA	OFF-SAN-10000931	Office Supplies	Paper	SanDisk Message Books, 8.5 x 11	111,84	4	0	54,72	9,31	Medium
35897	25262	ID-2013-47939	8/23/13	8/27/13	Second Class	RE-19405	Ricardo Emerson	Consumer	Padang	Sumatera Barat	Indonesia		APAC	Southeast Asia	OFF-SU-10001442	Office Supplies	Supplies	Acme Scissors, Steel	39,4956	3	0,47	-24,6744	3,32	Medium
36847	14225	IT-2014-5595800	9/9/14	9/11/14	Second Class	JW-15220	Jane Waco	Corporate	Herten	North Rhine-Westphalia	Germany		EU	Central	OFF-ST-10003305	Office Supplies	Storage	Rogers Box, Blue	21,573	1	0,1	-1,947	3,05	Critical
44970	33562	CA-2013-131065	11/15/13	11/17/13	Second Class	AA-10375	Allen Armold	Consumer	Atlanta	Georgia	United States	30318.0	US	South	OFF-BI-10004970	Office Supplies	Binders	"ACCOHIDE 3-Ring Binder, Blue, 1"""	8,26	2	0	3,8822	1,24	Critical
33462	17333	ES-2014-1424904	8/6/14	8/13/14	Standard Class	SF-20965	Sylvia Foulston	Corporate	Gloucester	England	United Kingdom		EU	North	OFF-AR-10003113	Office Supplies	Art	Binney & Smith Pens, Blue	35,82	3	0	15,03	4,1	Medium
6957	44177	TU-2014-980	3/5/14	3/9/14	Second Class	TD-10995	Tamara Dahlen	Consumer	Izmir	Izmir	Turkey		EMEA	EMEA	FUR-HON-10001504	Furniture	Chairs	Hon Rocking Chair, Black	307,656	6	0,6	-169,344	49,13	Medium
21658	7784	MX-2012-144750	10/9/12	10/13/12	Standard Class	EM-14065	Erin Mull	Consumer	Quito	Pichincha	Ecuador		LATAM	South	OFF-BI-10003952	Office Supplies	Binders	Acco Binding Machine, Recycled	68,6	2	0	26,72	10,857	High
14210	40153	CA-2014-135909	10/14/14	10/21/14	Standard Class	JW-15220	Jane Waco	Corporate	Sacramento	California	United States	95823.0	US	West	TEC-AC-10002335	Technology	Accessories	Logitech Media Keyboard K200	209,94	6	0	39,8886	21,28	Low
49315	49606	SF-2011-1480	3/9/11	3/12/11	First Class	AG-675	Anna Gayman	Consumer	Johannesburg	Gauteng	South Africa		Africa	Africa	OFF-OIC-10004810	Office Supplies	Fasteners	OIC Paper Clips, Metal	29,1	2	0	7,56	0,5	High
14087	43203	TU-2013-7990	9/17/13	9/21/13	Standard Class	NC-8535	Nick Crebassa	Corporate	Antakya	Hatay	Turkey		EMEA	EMEA	TEC-MOT-10004345	Technology	Phones	Motorola Office Telephone, Full Size	175,32	6	0,6	-122,76	21,53	High
48489	6596	MX-2013-168739	3/4/13	3/4/13	Same Day	EM-14065	Erin Mull	Consumer	Tipitapa	Managua	Nicaragua		LATAM	Central	OFF-ST-10003729	Office Supplies	Storage	Tenex Box, Industrial	11,32	1	0	1,92	0,647	Medium
47669	5161	MX-2012-168431	5/10/12	5/13/12	First Class	LS-17245	Lynn Smith	Consumer	São Paulo	São Paulo	Brazil		LATAM	South	OFF-BI-10001362	Office Supplies	Binders	Avery Binder, Clear	16,48	2	0	3,44	0,785	Medium
11423	32308	CA-2014-118437	6/18/14	6/22/14	Second Class	PF-19165	Philip Fox	Consumer	Olympia	Washington	United States	98502.0	US	West	FUR-FU-10004848	Furniture	Furnishings	"Howard Miller 13-3/4"" Diameter Brushed Chrome Round Wall Clock"	155,25	3	0	46,575	28,25	High
42393	38258	CA-2014-162096	11/11/14	11/11/14	Same Day	TB-21190	Thomas Brumley	Home Office	Riverside	California	United States	92503.0	US	West	OFF-AR-10002221	Office Supplies	Art	12 Colored Short Pencils	7,8	3	0	2,106	1,74	Critical
21531	49462	SA-2012-5640	9/6/12	9/11/12	Standard Class	CS-1845	Cari Sayre	Corporate	Abha	'Asir	Saudi Arabia		EMEA	EMEA	OFF-STI-10004202	Office Supplies	Supplies	Stiletto Scissors, Steel	92,04	4	0	20,16	10,96	Medium
41589	48575	TU-2014-9220	10/21/14	10/21/14	Same Day	DS-3180	David Smith	Corporate	Nevsehir	Nevsehir	Turkey		EMEA	EMEA	OFF-SME-10001754	Office Supplies	Labels	Smead File Folder Labels, 5000 Label Set	7,416	2	0,6	-2,604	1,91	High
29788	36796	CA-2014-164378	7/16/14	7/19/14	Second Class	MM-18055	Michelle Moray	Consumer	New York City	New York	United States	10024.0	US	East	TEC-AC-10004708	Technology	Accessories	Sony 32GB Class 10 Micro SDHC R40 Memory Card	41,9	2	0	8,799	5,58	Medium
30059	29495	IN-2011-43375	12/7/11	12/11/11	Standard Class	SC-20050	Sample Company A	Home Office	Gold Coast	Queensland	Australia		APAC	Oceania	OFF-SU-10003332	Office Supplies	Supplies	Elite Letter Opener, Steel	43,2	2	0,1	14,88	5,47	High
47232	42907	EG-2013-2850	1/18/13	1/20/13	Second Class	JP-6135	Julie Prescott	Home Office	Alexandria	Al Iskandariyah	Egypt		Africa	Africa	OFF-FEL-10000070	Office Supplies	Storage	Fellowes Box, Industrial	20,16	1	0	0,99	0,86	Medium
15521	37525	CA-2013-148208	1/22/13	1/27/13	Standard Class	BT-11530	Bradley Talbott	Home Office	Cleveland	Ohio	United States	44105.0	US	East	TEC-PH-10004093	Technology	Phones	Panasonic Kx-TS550	110,376	4	0,4	-20,2356	18,78	High
42190	45608	NI-2013-5830	4/3/13	4/7/13	Standard Class	SC-10095	Sanjit Chand	Consumer	Sokoto	Sokoto	Nigeria		Africa	Africa	FUR-OFF-10003104	Furniture	Chairs	Office Star Bag Chairs, Red	16,632	1	0,7	-27,738	1,78	High
47169	44134	CA-2013-8250	2/4/13	2/11/13	Standard Class	NG-8355	Nat Gilpin	Corporate	London	Ontario	Canada		Canada	Canada	OFF-ACC-10003788	Office Supplies	Binders	Acco Hole Reinforcements, Clear	6,12	1	0	0,24	0,87	Low
38311	30527	ID-2014-81329	12/3/14	12/5/14	Second Class	BH-11710	Brosina Hoffman	Consumer	Toowoomba	Queensland	Australia		APAC	Oceania	OFF-LA-10000220	Office Supplies	Labels	Hon Removable Labels, Laser Printer Compatible	12,096	2	0,4	-4,464	2,65	Critical
21333	20758	IN-2014-62716	10/19/14	10/24/14	Standard Class	RP-19270	Rachel Payne	Corporate	Ranchi	Jharkhand	India		APAC	Central Asia	OFF-AR-10002747	Office Supplies	Art	Boston Canvas, Fluorescent	109,8	2	0	43,92	11,12	Medium
29971	899	MX-2012-159002	8/16/12	8/21/12	Standard Class	TG-21640	Trudy Glocke	Consumer	Birigui	São Paulo	Brazil		LATAM	South	OFF-ST-10002522	Office Supplies	Storage	Tenex Folders, Blue	61,92	4	0	24,72	5,503	Medium
36602	11486	IT-2014-3037687	6/25/14	7/1/14	Standard Class	LS-16945	Linda Southworth	Corporate	Reims	Champagne-Ardenne	France		EU	Central	OFF-AR-10000584	Office Supplies	Art	Sanford Pencil Sharpener, Water Color	43,515	3	0,5	-33,975	3,11	Medium
16963	31276	IN-2014-85417	8/21/14	8/26/14	Standard Class	HK-14890	Heather Kirkland	Corporate	Porirua	Wellington	New Zealand		APAC	Oceania	OFF-ST-10004794	Office Supplies	Storage	Rogers Shelving, Blue	248,52	4	0	104,28	16,4	Medium
32470	4314	US-2013-104430	1/2/13	1/5/13	Second Class	SW-20275	Scott Williamson	Consumer	Panama City	Panama	Panama		LATAM	Central	OFF-PA-10004359	Office Supplies	Paper	Xerox Computer Printout Paper, Premium	21,072	2	0,4	-4,568	4,477	Critical
5607	15544	ES-2011-5244045	4/7/11	4/11/11	Second Class	FM-14215	Filia McAdams	Corporate	Essen	North Rhine-Westphalia	Germany		EU	Central	OFF-AP-10000415	Office Supplies	Appliances	KitchenAid Toaster, Red	537,516	7	0,1	220,836	59,94	Medium
29454	50766	CG-2014-840	11/4/14	11/9/14	Standard Class	DK-3150	David Kendrick	Corporate	Kolwezi	Katanga	Democratic Republic of the Congo		Africa	Africa	OFF-FIS-10003234	Office Supplies	Supplies	Fiskars Trimmer, Serrated	78	2	0	9,36	5,75	Medium
33211	3997	MX-2011-125815	11/21/11	11/25/11	Standard Class	EH-14005	Erica Hernandez	Home Office	Las Tunas	Las Tunas	Cuba		LATAM	Caribbean	OFF-LA-10002334	Office Supplies	Labels	Smead Shipping Labels, Alphabetical	30,48	4	0	11,84	4,199	High
16087	11704	IT-2012-2898980	8/21/12	8/21/12	Same Day	AB-10015	Aaron Bergman	Consumer	Breda	North Brabant	Netherlands		EU	Central	TEC-PH-10004732	Technology	Phones	Cisco Office Telephone, Cordless	83,31	2	0,5	-48,33	17,79	Critical
21401	20235	ES-2011-5911716	12/19/11	12/23/11	Standard Class	JK-15640	Jim Kriz	Home Office	Vienna	Vienna	Austria		EU	Central	OFF-SU-10000087	Office Supplies	Supplies	Stiletto Ruler, High Speed	178,56	12	0	23,04	11,07	Medium
49509	46135	RS-2014-8950	11/5/14	11/9/14	Standard Class	ED-3885	Emily Ducich	Home Office	Arkhangelsk	Arkhangel'sk	Russia		EMEA	EMEA	OFF-XER-10001429	Office Supplies	Paper	Xerox Parchment Paper, Recycled	13,17	1	0	5,91	0,46	Medium
2901	27371	IN-2011-25070	9/1/11	9/6/11	Standard Class	MN-17935	Michael Nguyen	Consumer	Hefei	Anhui	China		APAC	North Asia	OFF-ST-10004837	Office Supplies	Storage	Eldon File Cart, Single Width	767,52	6	0	45,9	102,29	High
44327	50505	SA-2012-2120	5/11/12	5/16/12	Standard Class	GP-4740	Guy Phonely	Corporate	Jeddah	Makkah	Saudi Arabia		EMEA	EMEA	OFF-OIC-10003366	Office Supplies	Fasteners	OIC Staples, Metal	22,92	2	0	9,36	1,36	Medium
49153	9464	MX-2014-139129	9/15/14	9/20/14	Standard Class	RH-19510	Rick Huthwaite	Home Office	Valles	San Luis Potosí	Mexico		LATAM	North	OFF-LA-10002598	Office Supplies	Labels	Harbour Creations Removable Labels, Laser Printer Compatible	6,78	1	0	0,26	0,529	Medium
14937	25887	ID-2011-49409	12/21/11	12/22/11	First Class	MW-18235	Mitch Willingham	Corporate	Lahore	Punjab	Pakistan		APAC	Central Asia	OFF-AP-10002239	Office Supplies	Appliances	Hoover Toaster, White	122,67	3	0,5	-44,19	19,85	High
20655	28657	IN-2013-37929	9/20/13	9/22/13	Second Class	BW-11110	Bart Watters	Corporate	Newcastle	New South Wales	Australia		APAC	Oceania	OFF-PA-10000579	Office Supplies	Paper	Xerox Computer Printout Paper, Recycled	47,25	2	0,1	13,11	11,81	Critical
43039	19513	IT-2011-4692210	3/28/11	4/2/11	Standard Class	EH-13990	Erica Hackney	Consumer	Dresden	Saxony	Germany		EU	Central	OFF-FA-10004494	Office Supplies	Fasteners	Stockwell Push Pins, Metal	21,735	3	0,5	-21,375	1,6	Medium
17366	33783	CA-2012-104514	1/2/12	1/4/12	Second Class	CB-12535	Claudia Bergmann	Corporate	Newark	Delaware	United States	19711.0	US	East	OFF-ST-10001837	Office Supplies	Storage	SAFCO Mobile Desk Side File, Wire Frame	85,52	2	0	22,2352	15,81	Critical
14338	18146	IT-2014-5162314	3/12/14	3/19/14	Standard Class	DN-13690	Duane Noonan	Consumer	Dublin	Dublin	Ireland		EU	North	TEC-CO-10000967	Technology	Copiers	HP Fax Machine, Laser	449,91	3	0,5	-90	21,02	Medium
12335	9533	MX-2013-130337	5/27/13	6/1/13	Standard Class	JD-16060	Julia Dunbar	Consumer	Chinautla	Guatemala	Guatemala		LATAM	Central	TEC-PH-10003102	Technology	Phones	Samsung Audio Dock, with Caller ID	444,88	4	0	17,76	25,67	Medium
9630	47214	CG-2011-2540	8/5/11	8/10/11	Standard Class	DP-3105	Dave Poirier	Corporate	Matadi	Bas-Congo	Democratic Republic of the Congo		Africa	Africa	TEC-HP -10004012	Technology	Copiers	HP Personal Copier, Digital	247,86	2	0	39,6	34,37	High
30174	8294	MX-2012-120369	8/10/12	8/14/12	Standard Class	DO-13435	Denny Ordway	Consumer	Consolación del Sur	Pinar del Río	Cuba		LATAM	Caribbean	TEC-AC-10003081	Technology	Accessories	Memorex Mouse, USB	75,68	4	0	4,48	5,417	Medium
46285	27911	IN-2014-19274	11/28/14	11/29/14	First Class	DB-13270	Deborah Brumfield	Home Office	Surabaya	Jawa Timur	Indonesia		APAC	Southeast Asia	OFF-FA-10000581	Office Supplies	Fasteners	Stockwell Thumb Tacks, Metal	21,7035	3	0,47	-5,7465	1,01	Medium
1072	50444	LE-2013-5910	1/9/13	1/9/13	Same Day	CC-2670	Craig Carreira	Consumer	Beirut	Beirut	Lebanon		EMEA	EMEA	TEC-PAN-10000377	Technology	Machines	Panasonic Inkjet, Durable	624,42	2	0	124,86	195,23	Critical
48634	35250	CA-2014-152961	1/16/14	1/20/14	Standard Class	SC-20095	Sanjit Chand	Consumer	Quincy	Massachusetts	United States	2169.0	US	East	OFF-PA-10004675	Office Supplies	Paper	"Telephone Message Books with Fax/Mobile Section, 5 1/2"" x 3 3/16"""	12,7	2	0	5,842	0,62	Medium
48873	50979	AG-2013-6520	2/4/13	2/9/13	Standard Class	ML-7395	Marina Lichtenstein	Corporate	Skikda	Skikda	Algeria		Africa	Africa	OFF-CAR-10002931	Office Supplies	Binders	Cardinal Hole Reinforcements, Recycled	11,4	2	0	4,74	0,58	Medium
26321	14694	ES-2012-2340369	11/22/12	11/27/12	Second Class	HE-14800	Harold Engle	Corporate	Pforzheim	Baden-Württemberg	Germany		EU	Central	OFF-BI-10002225	Office Supplies	Binders	Cardinal Binding Machine, Durable	102,54	2	0	35,88	7,39	Medium
48804	39257	CA-2014-131807	10/6/14	10/11/14	Standard Class	GG-14650	Greg Guthrie	Corporate	Chico	California	United States	95928.0	US	West	TEC-PH-10000702	Technology	Phones	"Square Credit Card Reader, 4 1/2"" x 4 1/2"" x 1"", White"	7,992	1	0,2	2,6973	0,59	Medium
27669	20433	ID-2013-36242	9/6/13	9/8/13	Second Class	TS-21610	Troy Staebel	Consumer	Mackay	Queensland	Australia		APAC	Oceania	OFF-SU-10000062	Office Supplies	Supplies	Stiletto Scissors, High Speed	169,992	8	0,1	-15,288	6,63	High
18791	16723	IT-2012-4831874	4/22/12	4/27/12	Standard Class	KM-16720	Kunst Miller	Consumer	Sheffield	England	United Kingdom		EU	North	OFF-EN-10003615	Office Supplies	Envelopes	GlobeWeis Interoffice Envelope, with clear poly window	205,44	8	0,5	-90,48	13,9	Medium
18577	35589	CA-2014-102407	12/10/14	12/14/14	Second Class	AT-10435	Alyssa Tate	Home Office	Los Angeles	California	United States	90004.0	US	West	OFF-AP-10001394	Office Supplies	Appliances	Harmony Air Purifier	189	1	0	68,04	14,17	Medium
7200	35203	CA-2012-167010	4/5/12	4/10/12	Standard Class	VT-21700	Valerie Takahito	Home Office	Philadelphia	Pennsylvania	United States	19143.0	US	East	FUR-FU-10001468	Furniture	Furnishings	Tenex Antistatic Computer Chair Mats	547,136	4	0,2	-68,3920000000001	47,4	Medium
43751	18561	ES-2011-2972550	8/25/11	8/30/11	Standard Class	PC-19000	Pauline Chand	Home Office	Crotone	Calabria	Italy		EU	South	OFF-FA-10000227	Office Supplies	Fasteners	OIC Clamps, Metal	39,78	2	0	17,88	1,46	Medium
26713	14395	ES-2012-2495938	9/24/12	9/28/12	Standard Class	TB-21250	Tim Brockman	Consumer	Fontaine	Rhône-Alpes	France		EU	Central	OFF-AR-10004492	Office Supplies	Art	BIC Canvas, Blue	268,5	5	0	21,45	7,16	Medium
49600	40845	CA-2013-131744	6/19/13	6/21/13	Second Class	SC-20770	Stewart Carmichael	Corporate	Philadelphia	Pennsylvania	United States	19134.0	US	East	OFF-BI-10003910	Office Supplies	Binders	DXL Angle-View Binders with Locking Rings by Samsill	4,626	2	0,7	-3,855	0,44	High
2922	9113	MX-2012-113474	11/29/12	12/5/12	Standard Class	TS-21430	Tom Stivers	Corporate	Villa Nueva	Guatemala	Guatemala		LATAM	Central	FUR-BO-10001646	Furniture	Bookcases	Safco Library with Doors, Pine	782,28	3	0	312,9	101,763	Low
17007	34109	CA-2012-135685	11/16/12	11/18/12	Second Class	MP-18175	Mike Pelletier	Home Office	Milwaukee	Wisconsin	United States	53209.0	US	Central	FUR-TA-10001520	Furniture	Tables	Lesro Sheffield Collection Coffee Table, End Table, Center Table, Corner Table	214,11	3	0	36,3987	16,33	Medium
13347	35328	CA-2013-169957	9/27/13	10/1/13	Standard Class	SN-20710	Steve Nguyen	Home Office	Covington	Washington	United States	98042.0	US	West	OFF-AP-10000576	Office Supplies	Appliances	Belkin 7 Outlet SurgeMaster II	236,88	6	0	66,3264	23,16	Medium
21501	23079	IN-2013-58873	8/6/13	8/10/13	Standard Class	KH-16510	Keith Herrera	Consumer	Patiala	Punjab	India		APAC	Central Asia	FUR-FU-10001619	Furniture	Furnishings	Advantus Clock, Erganomic	200,04	4	0	78	10,98	Medium
15843	47217	NI-2012-3530	9/2/12	9/7/12	Standard Class	NB-8580	Nicole Brennan	Corporate	Kaduna	Kaduna	Nigeria		Africa	Africa	TEC-HP -10004971	Technology	Copiers	HP Wireless Fax, Color	216,99	2	0,7	-499,11	18,22	Medium
10756	44322	NI-2014-8880	1/29/14	1/29/14	Same Day	TC-10980	Tamara Chand	Corporate	Aba	Abia	Nigeria		Africa	Africa	TEC-CIS-10001717	Technology	Phones	Cisco Smart Phone, with Caller ID	196,272	1	0,7	-170,118	30,21	High
29589	28635	IN-2012-21871	1/19/12	1/19/12	Same Day	LO-17170	Lori Olson	Corporate	Kendari	Sulawesi Tenggara	Indonesia		APAC	Southeast Asia	FUR-CH-10000351	Furniture	Chairs	Novimex Chairmat, Set of Two	42,7707	1	0,27	5,8407	5,68	High
46603	32589	CA-2012-101707	8/27/12	9/1/12	Standard Class	PF-19165	Philip Fox	Consumer	San Diego	California	United States	92105.0	US	West	OFF-SU-10001218	Office Supplies	Supplies	Fiskars Softgrip Scissors	32,94	3	0	9,2232	0,96	Medium
40125	40394	US-2011-158365	4/12/11	4/17/11	Standard Class	SV-20785	Stewart Visinsky	Consumer	Bloomington	Indiana	United States	47401.0	US	Central	OFF-PA-10000289	Office Supplies	Paper	Xerox 213	32,4	5	0	15,552	2,22	Medium
9941	30367	IN-2014-82470	12/11/14	12/16/14	Standard Class	RB-19360	Raymond Buch	Consumer	Hastings	Hawke's Bay	New Zealand		APAC	Oceania	TEC-AC-10004196	Technology	Accessories	Belkin Memory Card, USB	230,04	2	0	6,9	33,15	High
20235	14013	ES-2014-2991554	5/15/14	5/19/14	Standard Class	JC-16105	Julie Creighton	Corporate	Alessandria	Piedmont	Italy		EU	South	OFF-AR-10001720	Office Supplies	Art	Stanley Canvas, Blue	148,41	3	0	23,67	12,25	High
21116	20603	IN-2012-60644	5/3/12	5/8/12	Standard Class	SM-20005	Sally Matthias	Consumer	Melbourne	Victoria	Australia		APAC	Oceania	OFF-SU-10004846	Office Supplies	Supplies	Acme Box Cutter, Serrated	62,1	2	0,1	12,42	11,32	High
36923	19428	ES-2013-3456026	8/11/13	8/14/13	Second Class	KH-16690	Kristen Hastings	Corporate	Alcobendas	Madrid	Spain		EU	South	OFF-BI-10003702	Office Supplies	Binders	Wilson Jones Binder Covers, Durable	25,38	2	0	11,64	3,03	High
3728	44141	IR-2013-8520	8/2/13	8/2/13	Same Day	MZ-7515	Mary Zewe	Corporate	Shiraz	Fars	Iran		EMEA	EMEA	OFF-SME-10002740	Office Supplies	Storage	Smead Lockers, Single Width	396,9	2	0	178,56	84,03	Critical
49930	46668	NI-2013-7440	12/18/13	12/19/13	First Class	AJ-780	Anthony Jacobs	Corporate	Maiduguri	Borno	Nigeria		Africa	Africa	OFF-HAR-10001714	Office Supplies	Labels	Harbour Creations Legal Exhibit Labels, Adjustable	5,31	2	0,7	-4,29	0,38	High
10044	14450	ES-2013-3382466	9/25/13	9/29/13	Standard Class	ED-13885	Emily Ducich	Home Office	Neuilly-sur-Marne	Ile-de-France	France		EU	Central	TEC-CO-10000500	Technology	Copiers	Canon Fax and Copier, High-Speed	322,218	2	0,15	-30,342	32,72	Medium
4305	44540	RO-2013-8540	2/7/13	2/11/13	Standard Class	MH-7620	Matt Hagelstein	Corporate	Constanta	Constanta	Romania		EMEA	EMEA	FUR-BEV-10000326	Furniture	Tables	Bevis Wood Table, Rectangular	531,18	1	0	90,3	75,39	High
42995	23068	ID-2014-10650	3/10/14	3/14/14	Standard Class	AB-10600	Ann Blume	Corporate	Canberra	Australian Capital Territory	Australia		APAC	Oceania	OFF-PA-10004326	Office Supplies	Paper	Enermax Parchment Paper, Multicolor	20,16	2	0,4	-9,42	1,61	Medium
28230	22447	IN-2012-24916	2/16/12	2/20/12	Standard Class	JK-15325	Jason Klamczynski	Corporate	Perth	Western Australia	Australia		APAC	Oceania	OFF-PA-10000127	Office Supplies	Paper	SanDisk Parchment Paper, Multicolor	65,232	4	0,1	19,512	6,35	High
31522	35690	CA-2013-108868	9/9/13	9/13/13	Standard Class	KB-16585	Ken Black	Corporate	Dallas	Texas	United States	75081.0	US	Central	TEC-PH-10000923	Technology	Phones	Belkin SportFit Armband For iPhone 5s/5c, Fuchsia	59,96	5	0,2	21,7355	4,85	Medium
42330	29474	IN-2012-31867	8/1/12	8/6/12	Standard Class	KD-16495	Keith Dawkins	Corporate	Nasik	Maharashtra	India		APAC	Central Asia	OFF-FA-10004659	Office Supplies	Fasteners	Stockwell Thumb Tacks, 12 Pack	25,92	2	0	8,28	1,75	Medium
25170	18593	ES-2012-2522694	9/1/12	9/8/12	Standard Class	TB-21400	Tom Boeckenhauer	Consumer	Basingstoke	England	United Kingdom		EU	North	TEC-PH-10001382	Technology	Phones	Apple Office Telephone, Cordless	136,26	2	0	68,1	8,11	Medium
7844	27480	IN-2013-73342	11/13/13	11/15/13	Second Class	MH-17290	Marc Harrigan	Home Office	Tirunelveli	Tamil Nadu	India		APAC	Central Asia	FUR-FU-10000394	Furniture	Furnishings	Rubbermaid Photo Frame, Durable	536,58	11	0	252,12	43,17	Medium
35543	1095	MX-2013-166863	12/10/13	12/14/13	Standard Class	JL-15505	Jeremy Lonsdale	Consumer	Santiago	Santiago	Chile		LATAM	South	OFF-EN-10002674	Office Supplies	Envelopes	Cameo Interoffice Envelope, Set of 50	31,62	1	0	12	3,422	High
48733	13159	ES-2014-1564471	9/10/14	9/15/14	Standard Class	SW-20455	Shaun Weien	Consumer	Bologna	Emilia-Romagna	Italy		EU	South	OFF-LA-10002752	Office Supplies	Labels	Smead Legal Exhibit Labels, 5000 Label Set	11,49	1	0	2,16	0,6	Medium
6654	812	MX-2013-162908	12/4/13	12/8/13	Standard Class	JE-15745	Joel Eaton	Consumer	Soyapango	San Salvador	El Salvador		LATAM	Central	FUR-BO-10004142	Furniture	Bookcases	Safco Classic Bookcase, Traditional	876,3	3	0	359,28	51,441	Medium
38335	4001	MX-2011-105305	12/8/11	12/15/11	Standard Class	SC-20695	Steve Chapman	Corporate	Santo Domingo	Santo Domingo	Dominican Republic		LATAM	Caribbean	OFF-AR-10004360	Office Supplies	Art	Boston Pens, Fluorescent	33,024	4	0,2	7,424	2,644	Medium
8769	2841	US-2014-116183	6/23/14	6/27/14	Second Class	AT-10735	Annie Thurman	Consumer	Santo Domingo	Santo Domingo	Dominican Republic		LATAM	Caribbean	FUR-TA-10003782	Furniture	Tables	Lesro Training Table, Rectangular	319,644	6	0,7	-319,716	38,348	Medium
29916	24191	ID-2012-25567	4/24/12	4/26/12	Second Class	CD-11980	Carol Darley	Consumer	Bangkok	Bangkok	Thailand		APAC	Southeast Asia	OFF-SU-10001731	Office Supplies	Supplies	Acme Letter Opener, Serrated	42,7869	3	0,47	-7,34310000000001	5,53	High
50012	36040	CA-2014-168123	3/6/14	3/6/14	Same Day	JD-16060	Julia Dunbar	Consumer	Rochester	Minnesota	United States	55901.0	US	Central	OFF-FA-10002763	Office Supplies	Fasteners	Advantus Map Pennant Flags and Round Head Tacks	7,9	2	0	2,528	0,36	Medium
6811	46716	GG-2014-9540	12/18/14	12/23/14	Standard Class	DV-3465	Dianna Vittorini	Consumer	K'ut'aisi	Imereti	Georgia		EMEA	EMEA	TEC-PAN-10003688	Technology	Machines	Panasonic Printer, Wireless	532,98	2	0	133,2	50,28	Medium
18259	25436	IN-2012-48842	7/4/12	7/10/12	Standard Class	CS-12460	Chuck Sachs	Consumer	Jixi	Heilongjiang	China		APAC	North Asia	OFF-AR-10001708	Office Supplies	Art	Boston Sketch Pad, Blue	97,2	2	0	20,4	14,58	Low
7080	29299	IN-2014-71095	12/2/14	12/2/14	Same Day	NP-18700	Nora Preis	Consumer	Tegal	Jawa Tengah	Indonesia		APAC	Southeast Asia	TEC-AC-10002649	Technology	Accessories	Belkin Keyboard, Programmable	226,257	5	0,47	-47,043	48,22	Medium
18357	42212	SG-2014-2090	2/27/14	3/5/14	Standard Class	QJ-9255	Quincy Jones	Corporate	Thies Nones	Thies	Senegal		Africa	Africa	OFF-GRE-10002561	Office Supplies	Paper	Green Bar Message Books, Premium	95,16	4	0	9,48	14,45	Low
32639	39375	CA-2012-106187	6/23/12	6/29/12	Standard Class	RF-19345	Randy Ferguson	Corporate	East Point	Georgia	United States	30344.0	US	South	TEC-AC-10001590	Technology	Accessories	Dell Slim USB Multimedia Keyboard	75	3	0	18	4,41	Medium
43701	9401	MX-2013-160087	11/17/13	11/23/13	Standard Class	Dp-13240	Dean percer	Home Office	San Cristóbal de Las Casas	Chiapas	Mexico		LATAM	North	OFF-EN-10004560	Office Supplies	Envelopes	Cameo Business Envelopes, Security-Tint	33,9	3	0	11,16	1,472	Medium
29182	45153	IR-2014-5870	7/4/14	7/8/14	Standard Class	SF-10965	Sylvia Foulston	Corporate	Abadan	Khuzestan	Iran		EMEA	EMEA	OFF-BIN-10000837	Office Supplies	Art	Binney & Smith Markers, Easy-Erase	48,72	2	0	19,44	5,88	Medium
50412	40686	US-2014-127292	1/20/14	1/24/14	Standard Class	RM-19375	Raymond Messe	Consumer	Burlington	Vermont	United States	5408.0	US	East	OFF-EN-10001509	Office Supplies	Envelopes	Poly String Tie Envelopes	2,04	1	0	0,9588	0,29	High
16971	25015	IN-2014-25903	8/14/14	8/17/14	First Class	SJ-20125	Sanjit Jacobs	Home Office	Kuantan	Pahang	Malaysia		APAC	Southeast Asia	OFF-ST-10003017	Office Supplies	Storage	Tenex Box, Industrial	84,9	5	0	12,6	16,39	High
13932	21793	IN-2012-76408	5/24/12	5/28/12	Standard Class	DL-12925	Daniel Lacy	Consumer	Wollongong	New South Wales	Australia		APAC	Oceania	OFF-LA-10003338	Office Supplies	Labels	Harbour Creations Removable Labels, 5000 Label Set	130,41	14	0,1	28,77	21,88	High
38512	37706	CA-2014-161774	5/15/14	5/16/14	First Class	GT-14710	Greg Tran	Consumer	Houston	Texas	United States	77041.0	US	Central	OFF-PA-10000300	Office Supplies	Paper	Xerox 1936	47,952	3	0,2	16,1838	2,6	High
34474	22620	ID-2012-75309	10/10/12	10/15/12	Standard Class	CC-12610	Corey Catlett	Corporate	Suwon	Gyeonggi	South Korea		APAC	North Asia	OFF-PA-10000026	Office Supplies	Paper	Eaton Cards & Envelopes, 8.5 x 11	49,32	2	0,5	-31,62	3,75	Medium
29340	33201	CA-2014-167094	10/22/14	10/23/14	First Class	DK-12835	Damala Kotsonis	Corporate	Springfield	Oregon	United States	97477.0	US	West	TEC-AC-10003116	Technology	Accessories	Memorex Froggy Flash Drive 8 GB	28,4	2	0,2	6,745	5,81	High
48491	3529	MX-2011-135440	2/26/11	2/28/11	Second Class	BS-11380	Bill Stewart	Corporate	Matagalpa	Matagalpa	Nicaragua		LATAM	Central	OFF-PA-10003301	Office Supplies	Paper	Green Bar Parchment Paper, Recycled	11,06	1	0	3,2	0,645	Medium
50695	24468	IN-2013-37803	6/25/13	6/29/13	Standard Class	AB-10015	Aaron Bergman	Consumer	Mackay	Queensland	Australia		APAC	Oceania	OFF-BI-10000106	Office Supplies	Binders	Cardinal Hole Reinforcements, Clear	12,96	3	0,1	3,42	0,22	High
30976	8051	US-2013-113866	6/4/13	6/10/13	Standard Class	TP-21130	Theone Pippenger	Consumer	Mexico City	Distrito Federal	Mexico		LATAM	North	FUR-FU-10004139	Furniture	Furnishings	Tenex Photo Frame, Duo Pack	41,52	2	0,4	-1,4	5,072	Low
17533	4875	US-2014-145660	11/14/14	11/20/14	Standard Class	DB-13060	Dave Brooks	Consumer	San Pedro Sula	Cortés	Honduras		LATAM	Central	TEC-CO-10001893	Technology	Copiers	HP Wireless Fax, Color	288,3556	2	0,402	-25,0844000000001	15,598	Medium
1644	4785	MX-2011-117359	3/22/11	3/27/11	Standard Class	JW-16075	Julia West	Consumer	Nuevo Laredo	Tamaulipas	Mexico		LATAM	North	TEC-PH-10000018	Technology	Phones	Nokia Smart Phone, Full Size	2124,5	5	0	488,6	151,918	Medium
6532	30378	ID-2012-85053	11/21/12	11/23/12	Second Class	TS-21505	Tony Sayre	Consumer	Traralgon	Victoria	Australia		APAC	Oceania	TEC-PH-10000298	Technology	Phones	Nokia Speaker Phone, Cordless	453,6	6	0,4	-143,64	52,27	High
8306	4288	MX-2012-111430	12/19/12	12/24/12	Standard Class	HA-14905	Helen Abelman	Consumer	Pucallpa	Ucayali	Peru		LATAM	South	TEC-PH-10004631	Technology	Phones	Cisco Audio Dock, with Caller ID	509,796	7	0,4	59,416	40,703	Medium
4268	14607	ES-2014-4478437	3/5/14	3/5/14	Same Day	SH-20395	Shahid Hopkins	Consumer	Paris	Ile-de-France	France		EU	Central	TEC-AC-10002348	Technology	Accessories	Enermax Memory Card, USB	687,6	6	0	103,14	76,02	High
43557	29500	IN-2012-38622	5/23/12	5/27/12	Second Class	SC-20575	Sonia Cooley	Consumer	Beijing	Beijing	China		APAC	North Asia	OFF-EN-10002464	Office Supplies	Envelopes	Cameo Peel and Seal, Security-Tint	46,8	2	0	8,88	1,5	Medium
17405	45077	CA-2014-870	4/20/14	4/25/14	Second Class	CD-1980	Carol Darley	Consumer	Oakville	Ontario	Canada		Canada	Canada	FUR-HAR-10002223	Furniture	Chairs	Harbour Creations Chairmat, Set of Two	148,5	2	0	19,26	15,76	Medium
18856	8148	MX-2013-129469	11/18/13	11/20/13	First Class	DB-13210	Dean Braden	Consumer	La Romana	La Romana	Dominican Republic		LATAM	Caribbean	OFF-PA-10000591	Office Supplies	Paper	Green Bar Cards & Envelopes, Multicolor	79,68	3	0,2	-6,00000000000001	13,812	High
7515	14577	ES-2014-3088059	1/6/14	1/9/14	Second Class	NF-18475	Neil Französisch	Home Office	Bremen	Bremen	Germany		EU	Central	TEC-MA-10002779	Technology	Machines	Panasonic Receipt Printer, Red	354,15	3	0	173,52	45,14	Medium
23635	37482	CA-2012-138331	8/7/12	8/12/12	Standard Class	JK-15625	Jim Karlsson	Consumer	Philadelphia	Pennsylvania	United States	19120.0	US	East	OFF-AR-10002952	Office Supplies	Art	Stanley Contemporary Battery Pencil Sharpeners	106,8	10	0,2	10,68	9,19	Medium
32025	32352	CA-2012-110667	4/4/12	4/8/12	Standard Class	NF-18595	Nicole Fjeld	Home Office	New York City	New York	United States	10009.0	US	East	OFF-BI-10002735	Office Supplies	Binders	GBC Prestige Therm-A-Bind Covers	82,344	3	0,2	27,7911	4,64	Medium
18775	16779	ES-2011-2076928	11/22/11	11/29/11	Standard Class	BT-11305	Beth Thompson	Home Office	Augsburg	Bavaria	Germany		EU	Central	OFF-AR-10000715	Office Supplies	Art	Boston Markers, Blue	131,85	5	0	54	13,92	Low
39127	34949	CA-2014-109960	12/10/14	12/12/14	Second Class	DB-13210	Dean Braden	Consumer	Detroit	Michigan	United States	48234.0	US	Central	OFF-BI-10001636	Office Supplies	Binders	Ibico Plastic and Wire Spiral Binding Combs	33,72	4	0	15,5112	2,45	Medium
4254	18745	ES-2012-4991722	8/9/12	8/15/12	Standard Class	TP-21130	Theone Pippenger	Consumer	Duisburg	North Rhine-Westphalia	Germany		EU	Central	TEC-CO-10000556	Technology	Copiers	HP Wireless Fax, Laser	1080,63	3	0	64,8	76,33	Medium
31892	29388	ID-2014-37187	3/19/14	3/23/14	Standard Class	SC-20230	Scot Coram	Corporate	Geelong	Victoria	Australia		APAC	Oceania	OFF-ST-10004608	Office Supplies	Storage	Smead Shelving, Industrial	133,407	3	0,1	-0,0630000000000006	4,69	Medium
18689	35670	US-2014-169320	7/24/14	7/26/14	Second Class	LH-16900	Lena Hernandez	Consumer	Elkhart	Indiana	United States	46514.0	US	Central	TEC-AC-10002550	Technology	Accessories	Memorex 25GB 6X Branded Blu-Ray Recordable Disc, 30/Pack	159,75	5	0	11,1825	14,03	High
46125	37479	CA-2012-158421	9/21/12	9/26/12	Standard Class	GB-14575	Giulietta Baptist	Consumer	Columbia	South Carolina	United States	29203.0	US	South	OFF-BI-10000050	Office Supplies	Binders	Angle-D Binders with Locking Rings, Label Holders	14,6	2	0	6,862	1,04	Medium
34919	14696	ES-2012-2340369	11/22/12	11/27/12	Second Class	HE-14800	Harold Engle	Corporate	Pforzheim	Baden-Württemberg	Germany		EU	Central	OFF-EN-10003858	Office Supplies	Envelopes	Jiffy Manila Envelope, Recycled	24,81	1	0	7,68	3,61	Medium
22860	31178	ID-2014-86733	11/27/14	12/2/14	Standard Class	EJ-14155	Eva Jacobs	Consumer	Auckland	Auckland	New Zealand		APAC	Oceania	OFF-AR-10000814	Office Supplies	Art	Binney & Smith Canvas, Fluorescent	189,432	6	0,4	-22,248	9,81	Medium
41297	46617	AO-2011-8260	7/16/11	7/20/11	Standard Class	RO-9780	Rose O'Brian	Consumer	Huambo	Huambo	Angola		Africa	Africa	OFF-BIC-10001632	Office Supplies	Art	BIC Pens, Easy-Erase	14,55	1	0	3,18	1,97	High
9921	9652	US-2013-168074	9/2/13	9/4/13	Second Class	RB-19705	Roger Barcio	Home Office	Lima	Lima (city)	Peru		LATAM	South	FUR-BO-10003034	Furniture	Bookcases	Sauder Stackable Bookrack, Pine	237,072	4	0,4	-102,768	33,202	High
47767	38283	CA-2013-116526	9/2/13	9/6/13	Standard Class	JA-15970	Joseph Airdo	Consumer	Detroit	Michigan	United States	48227.0	US	Central	OFF-AR-10004999	Office Supplies	Art	Newell 315	11,96	2	0	2,99	0,77	Medium
25103	368	US-2013-128013	11/9/13	11/10/13	First Class	IM-15070	Irene Maddox	Consumer	La Ceiba	Atlántida	Honduras		LATAM	Central	OFF-SU-10002466	Office Supplies	Supplies	Elite Shears, Easy Grip	38,904	2	0,4	-16,896	8,156	High
25420	3923	MX-2011-155299	12/23/11	12/25/11	Second Class	BF-11275	Beth Fritzler	Corporate	La Romana	La Romana	Dominican Republic		LATAM	Caribbean	FUR-BO-10004162	Furniture	Bookcases	Ikea Floating Shelf Set, Pine	68,676	1	0,4	1,13600000000001	7,933	Critical
10834	47696	UP-2014-610	3/24/14	3/26/14	First Class	SC-10845	Sung Chung	Consumer	Kryvyy Rih	Dnipropetrovs'k	Ukraine		EMEA	EMEA	TEC-BEL-10004950	Technology	Accessories	Belkin Numeric Keypad, Erganomic	474	8	0	9,36	29,96	High
24271	7067	MX-2014-166219	6/24/14	6/30/14	Standard Class	DV-13465	Dianna Vittorini	Consumer	Manzanillo	Granma	Cuba		LATAM	Caribbean	TEC-MA-10000122	Technology	Machines	Okidata Calculator, Red	98,88	3	0	21,72	8,708	Medium
4519	14150	ES-2014-1359331	7/16/14	7/20/14	Second Class	TT-21460	Tonja Turnell	Home Office	Genk	Limburg	Belgium		EU	Central	FUR-FU-10004516	Furniture	Furnishings	Deflect-O Frame, Black	550,2	5	0	241,95	72,55	High
32199	6452	MX-2013-152814	8/13/13	8/13/13	Same Day	JH-15985	Joseph Holt	Consumer	Hermosillo	Sonora	Mexico		LATAM	North	OFF-ST-10000560	Office Supplies	Storage	Fellowes Trays, Industrial	192,9	5	0	40,5	4,577	Medium
26017	50320	TU-2012-3470	11/5/12	11/5/12	Same Day	JL-5850	John Lucas	Consumer	Denizli	Denizli	Turkey		EMEA	EMEA	OFF-BOS-10003478	Office Supplies	Art	Boston Markers, Fluorescent	44,208	4	0,6	-49,752	7,58	High
36194	20835	IN-2014-33792	7/18/14	7/25/14	Standard Class	HJ-14875	Heather Jas	Home Office	Bhubaneswar	Odisha	India		APAC	Central Asia	OFF-FA-10003437	Office Supplies	Fasteners	Accos Clamps, Bulk Pack	58,14	3	0	15,66	3,23	Medium
46693	50430	CA-2013-3530	11/9/13	11/14/13	Standard Class	CP-2085	Cathy Prescott	Corporate	Saanich	British Columbia	Canada		Canada	Canada	OFF-GLO-10002982	Office Supplies	Envelopes	GlobeWeis Mailers, Set of 50	38,55	1	0	0,36	0,95	Medium
25992	13673	ES-2012-1411725	2/3/12	2/7/12	Standard Class	AB-10165	Alan Barnes	Consumer	Leipzig	Saxony	Germany		EU	Central	OFF-LA-10001618	Office Supplies	Labels	Hon Legal Exhibit Labels, Adjustable	61,32	7	0	9,66	7,59	High
7360	6384	MX-2013-132045	6/17/13	6/19/13	Second Class	CR-12820	Cyra Reiten	Home Office	Jundiaí	São Paulo	Brazil		LATAM	South	OFF-ST-10004835	Office Supplies	Storage	Fellowes File Cart, Wire Frame	272,76	3	0	13,62	46,273	Critical
51116	40062	CA-2012-107083	11/21/12	11/27/12	Standard Class	BB-11545	Brenda Bowman	Corporate	Fort Worth	Texas	United States	76106.0	US	Central	OFF-BI-10000756	Office Supplies	Binders	Storex DuraTech Recycled Plastic Frosted Binders	1,696	2	0,8	-2,544	0,11	Medium
28744	13838	ES-2014-1472763	9/12/14	9/16/14	Second Class	DK-13225	Dean Katz	Corporate	Vitoria	Basque Country	Spain		EU	South	OFF-SU-10001586	Office Supplies	Supplies	Kleencut Trimmer, Steel	81,66	2	0	13,02	6,08	Medium
15347	414	MX-2012-148131	6/7/12	6/13/12	Standard Class	SW-20275	Scott Williamson	Consumer	Montevideo	Montevideo	Uruguay		LATAM	South	TEC-PH-10000169	Technology	Phones	Apple Smart Phone, with Caller ID	426,04	1	0	174,66	19,077	Medium
41	29272	IN-2014-37320	11/11/14	11/15/14	Standard Class	BF-11005	Barry Franz	Home Office	Gorakhpur	Haryana	India		APAC	Central Asia	TEC-PH-10003856	Technology	Phones	Motorola Smart Phone, with Caller ID	4518,78	7	0	632,52	658,69	High
42308	7946	US-2013-149125	11/9/13	11/10/13	First Class	KM-16375	Katherine Murray	Home Office	Tegucigalpa	Francisco Morazán	Honduras		LATAM	Central	OFF-PA-10004155	Office Supplies	Paper	Eaton Computer Printout Paper, 8.5 x 11	24,552	2	0,4	-15,168	1,753	Medium
11649	2133	MX-2012-127607	1/13/12	1/19/12	Standard Class	CC-12475	Cindy Chapman	Consumer	Palma Soriano	Santiago de Cuba	Cuba		LATAM	Caribbean	FUR-CH-10003844	Furniture	Chairs	Office Star Rocking Chair, Black	369,28	4	0	99,68	27,578	Medium
8240	19621	IT-2014-1813491	9/17/14	9/22/14	Standard Class	SR-20425	Sharelle Roach	Home Office	Augsburg	Bavaria	Germany		EU	Central	FUR-TA-10004748	Furniture	Tables	Bevis Coffee Table, Fully Assembled	623,3175	3	0,35	-191,8125	41,04	Medium
20636	43632	MO-2013-6550	4/2/13	4/2/13	Same Day	BT-1395	Bill Tyler	Corporate	Tetouan	Tanger-Tétouan	Morocco		Africa	Africa	OFF-HAR-10004896	Office Supplies	Labels	Harbour Creations Color Coded Labels, Laser Printer Compatible	51,6	4	0	10,8	11,83	High
43098	37409	CA-2013-124590	11/13/13	11/17/13	Standard Class	SP-20920	Susan Pistek	Consumer	Parma	Ohio	United States	44134.0	US	East	OFF-FA-10000585	Office Supplies	Fasteners	OIC Bulk Pack Metal Binder Clips	16,752	6	0,2	5,4444	1,59	Medium
37890	33784	CA-2012-104514	1/2/12	1/4/12	Second Class	CB-12535	Claudia Bergmann	Corporate	Newark	Delaware	United States	19711.0	US	East	OFF-AR-10001473	Office Supplies	Art	Newell 313	9,84	3	0	2,6568	2,77	Critical
46953	19606	ES-2014-3206195	3/25/14	4/1/14	Standard Class	BT-11395	Bill Tyler	Corporate	Capannori	Tuscany	Italy		EU	South	OFF-FA-10001026	Office Supplies	Fasteners	Stockwell Staples, Metal	21,84	2	0	8,28	0,9	Medium
20382	8138	MX-2013-145856	9/3/13	9/6/13	First Class	NP-18325	Naresj Patel	Consumer	Santiago de Cuba	Santiago de Cuba	Cuba		LATAM	Caribbean	OFF-LA-10002848	Office Supplies	Labels	Novimex Shipping Labels, Laser Printer Compatible	43,92	6	0	14,88	12,1	Critical
31051	4294	MX-2012-123232	10/11/12	10/13/12	Second Class	DL-13330	Denise Leinenbach	Consumer	Guadalajara	Jalisco	Mexico		LATAM	North	OFF-ST-10000557	Office Supplies	Storage	Tenex Box, Blue	33	3	0	3,6	5,048	High
17681	18854	IT-2014-5966070	1/28/14	2/1/14	Standard Class	AB-10600	Ann Blume	Corporate	Zaanstad	North Holland	Netherlands		EU	Central	OFF-AR-10002816	Office Supplies	Art	Boston Canvas, Blue	107,28	4	0,5	-53,64	15,4	High
38413	10925	ES-2012-5138595	7/24/12	7/31/12	Standard Class	LA-16780	Laura Armstrong	Corporate	Nice	Provence-Alpes-Côte d'Azur	France		EU	Central	OFF-PA-10003105	Office Supplies	Paper	SanDisk Parchment Paper, Premium	33,42	2	0	6,3	2,62	Medium
31990	7065	MX-2013-106621	6/28/13	7/2/13	Second Class	MC-17425	Mark Cousins	Corporate	Teresina	Piauí	Brazil		LATAM	South	OFF-SU-10004655	Office Supplies	Supplies	Stiletto Trimmer, Steel	56,2	2	0	13,48	4,654	Medium
34586	12095	ES-2012-1834982	8/7/12	8/11/12	Second Class	CC-12550	Clay Cheatham	Consumer	Marseille	Provence-Alpes-Côte d'Azur	France		EU	Central	OFF-EN-10003977	Office Supplies	Envelopes	Cameo Clasp Envelope, Recycled	41,55	5	0	3,3	3,71	Medium
48269	43006	AU-2011-790	8/18/11	8/22/11	Standard Class	DS-3030	Darrin Sayre	Home Office	Innsbruck	Tyrol	Austria		EMEA	EMEA	OFF-KRA-10002752	Office Supplies	Envelopes	Kraft Clasp Envelope, Recycled	7,8	1	0	1,23	0,69	Medium
3191	32789	CA-2014-166436	11/25/14	11/29/14	Standard Class	TS-21370	Todd Sumrall	Corporate	New York City	New York	United States	10035.0	US	East	FUR-CH-10000785	Furniture	Chairs	Global Ergonomic Managers Chair	977,292	6	0,1	173,7408	95,11	Medium
28397	7336	MX-2012-120663	7/27/12	8/1/12	Standard Class	CL-12700	Craig Leslie	Home Office	Monterrey	Nuevo León	Mexico		LATAM	North	OFF-AP-10001617	Office Supplies	Appliances	KitchenAid Blender, Silver	65,9	1	0	17,78	6,26	Medium
17333	20870	IN-2011-26176	8/16/11	8/20/11	Standard Class	KB-16600	Ken Brennan	Corporate	Lucknow	Uttar Pradesh	India		APAC	Central Asia	FUR-CH-10002966	Furniture	Chairs	Harbour Creations Swivel Stool, Red	180,12	1	0	5,4	15,88	Medium
29399	30531	IN-2012-86635	5/15/12	5/17/12	Second Class	AP-10720	Anne Pryor	Home Office	New Plymouth	Taranaki	New Zealand		APAC	Oceania	OFF-LA-10003551	Office Supplies	Labels	Harbour Creations File Folder Labels, 5000 Label Set	36,48	4	0	18,24	5,78	Critical
43974	35517	CA-2014-134565	6/12/14	6/14/14	Second Class	TB-21400	Tom Boeckenhauer	Consumer	Seattle	Washington	United States	98103.0	US	West	OFF-BI-10001759	Office Supplies	Binders	"Acco Pressboard Covers with Storage Hooks, 14 7/8"" x 11"", Dark Blue"	18,288	6	0,2	6,6294	1,42	Medium
14925	42583	IZ-2013-5220	12/27/13	12/31/13	Standard Class	SG-10080	Sandra Glassco	Consumer	Baghdad	Baghdad	Iraq		EMEA	EMEA	TEC-STA-10003925	Technology	Machines	StarTech Card Printer, Durable	163,62	1	0	40,89	19,88	High
22755	32609	CA-2013-141082	12/10/13	12/14/13	Standard Class	FM-14380	Fred McMath	Consumer	Lawrence	Massachusetts	United States	1841.0	US	East	OFF-LA-10001474	Office Supplies	Labels	Avery 477	122,12	4	0	56,1752	9,88	Medium
34605	44219	LY-2011-4410	9/12/11	9/17/11	Standard Class	BN-1515	Bradley Nguyen	Consumer	Benghazi	Banghazi	Libya		Africa	Africa	OFF-HAR-10004896	Office Supplies	Labels	Harbour Creations Color Coded Labels, Laser Printer Compatible	51,6	4	0	10,8	3,71	Medium
38629	17972	ES-2012-4662036	8/1/12	8/5/12	Standard Class	GH-14425	Gary Hwang	Consumer	Gummersbach	North Rhine-Westphalia	Germany		EU	Central	OFF-BI-10000844	Office Supplies	Binders	Wilson Jones Hole Reinforcements, Economy	18,12	4	0	9	2,57	High
36605	12722	ES-2013-3709304	9/17/13	9/23/13	Standard Class	CS-12130	Chad Sievert	Consumer	Reims	Champagne-Ardenne	France		EU	Central	OFF-SU-10000877	Office Supplies	Supplies	Acme Scissors, Easy Grip	81,18	6	0,5	-42,3	3,11	Medium
47477	44766	TU-2012-5220	11/15/12	11/18/12	Second Class	CM-2655	Corinna Mitchell	Home Office	Sanliurfa	Sanliurfa	Turkey		EMEA	EMEA	OFF-ROG-10002866	Office Supplies	Storage	Rogers Folders, Blue	12,276	1	0,6	-17,814	0,82	Medium
37798	23010	ID-2014-70332	11/13/14	11/18/14	Second Class	KF-16285	Karen Ferguson	Home Office	Malang	Jawa Timur	Indonesia		APAC	Southeast Asia	OFF-EN-10000645	Office Supplies	Envelopes	Ames Mailers, Recycled	18,3645	1	0,47	-7,2855	2,79	High
6495	6087	MX-2014-104122	8/29/14	8/29/14	Same Day	JK-15625	Jim Karlsson	Consumer	Mejicanos	San Salvador	El Salvador		LATAM	Central	TEC-PH-10003970	Technology	Phones	Cisco Headset, Full Size	299,1	5	0	107,6	52,51	High
29103	19034	ES-2011-5158527	5/4/11	5/8/11	Standard Class	EM-14200	Evan Minnotte	Home Office	Moers	North Rhine-Westphalia	Germany		EU	Central	OFF-LA-10003210	Office Supplies	Labels	Harbour Creations File Folder Labels, Laser Printer Compatible	34,92	4	0	10,8	5,92	High
7703	46674	RO-2013-9750	6/3/13	6/8/13	Standard Class	NG-8355	Nat Gilpin	Corporate	Bacau	Bacau	Romania		EMEA	EMEA	FUR-SAF-10002940	Furniture	Bookcases	Safco Corner Shelving, Mobile	911,88	6	0	401,22	44,06	High
10904	13115	IT-2011-5348771	12/1/11	12/5/11	Standard Class	SC-20725	Steven Cartwright	Consumer	Paris	Ile-de-France	France		EU	Central	OFF-ST-10001222	Office Supplies	Storage	Eldon Shelving, Single Width	392,445	9	0,1	-43,605	29,72	Medium
43530	44687	NI-2013-300	4/5/13	4/11/13	Standard Class	CH-2070	Cathy Hwang	Home Office	Enugu	Enugu	Nigeria		Africa	Africa	OFF-TEN-10002817	Office Supplies	Storage	Tenex Folders, Blue	13,932	2	0,7	-17,208	1,51	Low
22658	16607	ES-2012-1671236	5/12/12	5/14/12	First Class	BS-11755	Bruce Stewart	Consumer	Las Rozas de Madrid	Madrid	Spain		EU	South	OFF-PA-10004694	Office Supplies	Paper	Green Bar Cards & Envelopes, 8.5 x 11	315,18	6	0	56,7	9,97	High
23731	50864	SO-2012-5940	4/5/12	4/7/12	First Class	JM-6195	Justin MacKendrick	Consumer	Mogadishu	Banaadir	Somalia		Africa	Africa	OFF-SME-10004160	Office Supplies	Storage	Smead Folders, Wire Frame	66,24	4	0	3,96	9,12	High
38432	25019	IN-2013-38125	4/5/13	4/10/13	Standard Class	SS-20410	Shahid Shariari	Consumer	Huaiyin	Jiangsu	China		APAC	North Asia	OFF-BI-10001286	Office Supplies	Binders	Ibico Hole Reinforcements, Durable	33,96	4	0	6,72	2,62	Medium
26730	14020	ES-2011-4920475	4/29/11	5/3/11	Standard Class	GM-14695	Greg Maxwell	Corporate	Nogent-sur-Oise	Picardy	France		EU	Central	OFF-SU-10004087	Office Supplies	Supplies	Elite Scissors, Steel	65,79	3	0	14,4	7,15	Medium
45232	3120	MX-2013-168123	1/31/13	2/6/13	Standard Class	RH-19495	Rick Hansen	Consumer	Valparaíso de Goiás	Goiás	Brazil		LATAM	South	OFF-LA-10001065	Office Supplies	Labels	Avery Round Labels, Alphabetical	13,92	3	0	1,8	1,193	Medium
15101	18792	IT-2011-2226067	7/20/11	7/22/11	Second Class	AG-10330	Alex Grayson	Consumer	Aylesbury	England	United Kingdom		EU	North	OFF-EN-10000673	Office Supplies	Envelopes	Cameo Business Envelopes, Recycled	78,75	5	0	35,4	19,53	Critical
18389	4989	MX-2013-113222	9/18/13	9/22/13	Standard Class	CL-12700	Craig Leslie	Home Office	Torreón	Coahuila	Mexico		LATAM	North	OFF-AR-10001813	Office Supplies	Art	Stanley Markers, Fluorescent	93,84	6	0	34,68	14,405	High
42060	28412	IN-2014-54281	5/21/14	5/27/14	Standard Class	LS-17245	Lynn Smith	Consumer	Sydney	New South Wales	Australia		APAC	Oceania	OFF-ST-10000948	Office Supplies	Storage	Fellowes Box, Blue	88,56	5	0,1	38,31	1,8	Medium
40539	8762	US-2014-155264	5/26/14	5/29/14	First Class	GT-14710	Greg Tran	Consumer	Panama City	Panama	Panama		LATAM	Central	OFF-FA-10003123	Office Supplies	Fasteners	Stockwell Staples, Bulk Pack	8,328	2	0,4	-2,232	2,123	High
39243	34165	CA-2013-115588	11/11/13	11/13/13	Second Class	AF-10885	Art Foster	Consumer	Toledo	Ohio	United States	43615.0	US	East	OFF-ST-10001558	Office Supplies	Storage	Acco Perma 4000 Stacking Storage Drawers	38,976	3	0,2	-2,436	2,42	Medium
25194	47452	HR-2012-1600	5/23/12	5/29/12	Standard Class	JF-5295	Jason Fortune-	Consumer	Zagreb	Grad Zagreb	Croatia		EMEA	EMEA	OFF-CAR-10002942	Office Supplies	Binders	Cardinal 3-Hole Punch, Recycled	174,96	6	0	50,58	8,1	Medium
9548	37047	CA-2011-145800	5/30/11	6/5/11	Standard Class	SS-20410	Shahid Shariari	Consumer	Buffalo Grove	Illinois	United States	60089.0	US	Central	FUR-TA-10001539	Furniture	Tables	Chromcraft Rectangular Conference Tables	355,455	3	0,5	-184,8366	34,69	Medium
29549	24412	ID-2013-27429	9/21/13	9/21/13	Same Day	DW-13195	David Wiener	Corporate	Launceston	Tasmania	Australia		APAC	Oceania	OFF-BI-10002853	Office Supplies	Binders	Avery Binder Covers, Recycled	20,574	2	0,1	8,454	5,7	Critical
8299	14847	IT-2012-1698939	6/25/12	6/27/12	First Class	JE-15715	Joe Elijah	Consumer	Edinburgh	Scotland	United Kingdom		EU	North	FUR-FU-10004097	Furniture	Furnishings	Advantus Door Stop, Duo Pack	157,815	5	0,3	-54,135	40,74	High
44100	10011	US-2013-124737	6/26/13	7/1/13	Standard Class	HE-14800	Harold Engle	Corporate	Presidente Dutra	Maranhão	Brazil		LATAM	South	OFF-EN-10003416	Office Supplies	Envelopes	Jiffy Peel and Seal, with clear poly window	12,56	2	0,6	-12,88	1,399	High
22926	9543	MX-2012-142370	4/10/12	4/14/12	Standard Class	NP-18685	Nora Pelletier	Home Office	Sobral	Ceará	Brazil		LATAM	South	TEC-PH-10001677	Technology	Phones	Nokia Office Telephone, Full Size	132,84	3	0	29,22	9,744	Medium
35823	10809	ES-2014-1271577	8/6/14	8/10/14	Standard Class	JF-15415	Jennifer Ferguson	Consumer	Maubeuge	Nord-Pas-de-Calais	France		EU	Central	OFF-AR-10001216	Office Supplies	Art	BIC Pencil Sharpener, Easy-Erase	58,56	2	0	2,88	3,34	Medium
46990	46009	EG-2014-1270	8/18/14	8/22/14	Standard Class	VG-11805	Vivek Grady	Corporate	Alexandria	Al Iskandariyah	Egypt		Africa	Africa	OFF-OIC-10002625	Office Supplies	Fasteners	OIC Thumb Tacks, 12 Pack	13,5	1	0	5,4	0,9	Medium
28085	10866	IT-2012-5774254	3/5/12	3/10/12	Standard Class	JE-15475	Jeremy Ellison	Consumer	Dundee	Scotland	United Kingdom		EU	North	FUR-FU-10004152	Furniture	Furnishings	Eldon Photo Frame, Erganomic	119,133	3	0,3	6,72299999999999	6,42	Medium
24898	27179	ID-2013-21129	8/14/13	8/17/13	First Class	DB-13210	Dean Braden	Consumer	Ho Chi Minh City	Ho Chí Minh City	Vietnam		APAC	Southeast Asia	TEC-AC-10002852	Technology	Accessories	Belkin Memory Card, Erganomic	119,3772	2	0,47	-24,8028	8,28	Medium
46657	18052	ES-2013-4954697	1/1/13	1/6/13	Standard Class	TB-21595	Troy Blackwell	Consumer	Montbrison	Rhône-Alpes	France		EU	Central	OFF-LA-10003511	Office Supplies	Labels	Avery Round Labels, Adjustable	10,08	2	0	1,68	0,95	High
38752	23319	IN-2014-54253	5/5/14	5/10/14	Standard Class	JF-15190	Jamie Frazer	Consumer	Mianyang	Sichuan	China		APAC	North Asia	OFF-AR-10002111	Office Supplies	Art	Sanford Highlighters, Easy-Erase	48,06	3	0	1,89	2,54	Medium
22916	51285	HU-2012-7730	9/5/12	9/7/12	First Class	NF-8385	Natalie Fritzler	Consumer	Budapest	Budapest	Hungary		EMEA	EMEA	OFF-CAR-10000687	Office Supplies	Binders	Cardinal Binder Covers, Economy	48	4	0	1,92	9,76	High
42447	45745	RO-2012-4620	10/30/12	11/4/12	Standard Class	TH-11235	Tiffany House	Corporate	Giurgiu	Giurgiu	Romania		EMEA	EMEA	OFF-SME-10001278	Office Supplies	Labels	Smead Shipping Labels, Alphabetical	11,43	1	0	2,73	1,73	High
7324	16632	ES-2011-4256146	8/5/11	8/9/11	Standard Class	TG-21310	Toby Gnade	Consumer	Innsbruck	Tyrol	Austria		EU	Central	FUR-CH-10004606	Furniture	Chairs	Hon Rocking Chair, Red	391,86	3	0	31,32	46,55	High
39403	159	MX-2012-137659	11/3/12	11/3/12	Same Day	ST-20530	Shui Tom	Consumer	Hermosillo	Sonora	Mexico		LATAM	North	OFF-BI-10004275	Office Supplies	Binders	Wilson Jones Index Tab, Recycled	13,62	3	0	6,48	2,39	Medium
21283	13357	ES-2012-3301813	7/2/12	7/6/12	Standard Class	RD-19810	Ross DeVincentis	Home Office	Southend-on-Sea	England	United Kingdom		EU	North	OFF-AP-10002229	Office Supplies	Appliances	KitchenAid Coffee Grinder, Red	211,41	3	0	35,91	11,16	Medium
39744	12807	ES-2011-2969148	8/11/11	8/16/11	Standard Class	JM-15250	Janet Martin	Consumer	Parma	Emilia-Romagna	Italy		EU	South	TEC-MA-10003326	Technology	Machines	StarTech Calculator, Durable	48,096	2	0,4	-20,064	2,3	Medium
25893	23799	IN-2014-10223	9/25/14	10/1/14	Standard Class	TM-21490	Tony Molinari	Consumer	Dhaka	Dhaka	Bangladesh		APAC	Central Asia	OFF-AR-10002665	Office Supplies	Art	Binney & Smith Markers, Easy-Erase	73,08	3	0	4,32	7,64	Medium
18804	6467	MX-2012-163552	6/20/12	6/25/12	Standard Class	TS-21085	Thais Sissman	Consumer	Matagalpa	Matagalpa	Nicaragua		LATAM	Central	OFF-BI-10000813	Office Supplies	Binders	Cardinal Binding Machine, Economy	298,62	9	0	35,82	13,88	Medium
9351	15543	IT-2014-4365710	11/17/14	11/21/14	Standard Class	NS-18640	Noel Staavos	Corporate	Braga	Braga	Portugal		EU	South	OFF-ST-10000872	Office Supplies	Storage	Fellowes File Cart, Single Width	274,68	4	0,5	-274,68	35,46	High
26754	25517	IN-2014-19876	4/9/14	4/11/14	First Class	JE-15745	Joel Eaton	Consumer	Sydney	New South Wales	Australia		APAC	Oceania	TEC-PH-10003481	Technology	Phones	Apple Office Telephone, Full Size	59,913	1	0,1	3,993	7,13	Medium
45241	22135	IN-2013-12246	5/13/13	5/19/13	Standard Class	SE-20110	Sanjit Engle	Consumer	Kasugai	Aichi	Japan		APAC	North Asia	OFF-ST-10001554	Office Supplies	Storage	Eldon Folders, Industrial	34,92	2	0	1,02	1,19	Medium
15921	41510	ZA-2014-4410	5/22/14	5/25/14	Second Class	RA-9945	Ryan Akin	Consumer	Chipata	Eastern	Zambia		Africa	Africa	OFF-ROG-10001418	Office Supplies	Storage	Rogers Trays, Wire Frame	121,5	2	0	59,52	18,1	Medium
27112	8460	MX-2011-155180	10/19/11	10/25/11	Standard Class	TW-21025	Tamara Willingham	Home Office	Matagalpa	Matagalpa	Nicaragua		LATAM	Central	OFF-PA-10004294	Office Supplies	Paper	Xerox Computer Printout Paper, 8.5 x 11	101,6	5	0	2	6,923	Medium
12584	37634	CA-2013-165995	8/31/13	9/7/13	Standard Class	BG-11740	Bruce Geld	Consumer	Los Angeles	California	United States	90008.0	US	West	TEC-PH-10004908	Technology	Phones	Panasonic KX TS3282W Corded phone	339,96	5	0,2	42,4949999999999	25,01	Medium
23883	7913	MX-2012-162495	9/15/12	9/16/12	First Class	HG-15025	Hunter Glantz	Consumer	Managua	Managua	Nicaragua		LATAM	Central	OFF-SU-10000294	Office Supplies	Supplies	Elite Trimmer, Serrated	51,16	2	0	18,92	8,986	High
31077	10034	US-2014-154564	7/4/14	7/7/14	Second Class	SC-20440	Shaun Chance	Corporate	Pilar	Alagoas	Brazil		LATAM	South	OFF-FA-10003749	Office Supplies	Fasteners	Advantus Rubber Bands, 12 Pack	17,088	4	0,6	-25,232	5,033	Critical
16390	16951	ES-2012-3520629	9/28/12	10/2/12	Second Class	RH-19600	Rob Haberlin	Consumer	Vienna	Vienna	Austria		EU	Central	OFF-PA-10001686	Office Supplies	Paper	SanDisk Memo Slips, Premium	67,92	4	0	25,8	17,29	High
13171	7790	MX-2012-140109	1/31/12	2/3/12	Second Class	JK-15325	Jason Klamczynski	Corporate	Mexico City	Distrito Federal	Mexico		LATAM	North	OFF-PA-10000867	Office Supplies	Paper	SanDisk Message Books, Multicolor	100,92	6	0	25,2	23,56	Critical
47541	2305	MX-2011-131779	12/6/11	12/12/11	Standard Class	AR-10510	Andrew Roberts	Consumer	Nuevo Laredo	Tamaulipas	Mexico		LATAM	North	OFF-BI-10003022	Office Supplies	Binders	Cardinal 3-Hole Punch, Economy	19,2	1	0	5,76	0,801	Medium
9716	2105	MX-2012-155187	9/15/12	9/19/12	Standard Class	KD-16270	Karen Daniels	Consumer	São Paulo	São Paulo	Brazil		LATAM	South	FUR-CH-10004478	Furniture	Chairs	Hon Steel Folding Chair, Adjustable	391,58	7	0	74,34	34,043	High
47870	28047	IN-2013-71151	6/7/13	6/10/13	First Class	FM-14290	Frank Merwin	Home Office	Wollongong	New South Wales	Australia		APAC	Oceania	OFF-FA-10001026	Office Supplies	Fasteners	Stockwell Paper Clips, Assorted Sizes	97,2	8	0,1	0	0,75	High
29717	1474	MX-2012-133480	12/20/12	12/22/12	Second Class	RB-19330	Randy Bradley	Consumer	Celaya	Guanajuato	Mexico		LATAM	North	OFF-ST-10002574	Office Supplies	Storage	Smead Shelving, Blue	65,24	2	0	0,64	5,618	Medium
43121	19689	ES-2013-2989764	6/18/13	6/23/13	Standard Class	RP-19390	Resi Pölking	Consumer	Marseille	Provence-Alpes-Côte d'Azur	France		EU	Central	OFF-BI-10000308	Office Supplies	Binders	Cardinal Binder Covers, Durable	27	2	0	8,64	1,58	Medium
29715	50266	TU-2013-3770	5/14/13	5/19/13	Standard Class	MT-7815	Meg Tillman	Consumer	Umraniye	Istanbul	Turkey		EMEA	EMEA	OFF-TEN-10000025	Office Supplies	Storage	Tenex Lockers, Blue	81,66	1	0,6	-69,42	5,62	Medium
29539	44570	SO-2014-8170	12/9/14	12/14/14	Second Class	SW-10245	Scot Wooten	Consumer	Mogadishu	Banaadir	Somalia		Africa	Africa	OFF-CAR-10001577	Office Supplies	Binders	Cardinal Binding Machine, Economy	49,77	1	0	13,92	5,71	High
4547	1068	MX-2014-143833	7/8/14	7/12/14	Standard Class	MP-17965	Michael Paige	Corporate	Santiago de Cuba	Santiago de Cuba	Cuba		LATAM	Caribbean	FUR-BO-10003159	Furniture	Bookcases	Dania Stackable Bookrack, Pine	409,8	5	0	73,7	72,279	High
2504	29545	IN-2014-42808	11/6/14	11/11/14	Standard Class	PB-18805	Patrick Bzostek	Home Office	Jhansi	Uttar Pradesh	India		APAC	Central Asia	OFF-AP-10004711	Office Supplies	Appliances	Breville Refrigerator, Silver	2080,32	4	0	603,24	113,36	Medium
29146	13352	ES-2014-4622860	6/9/14	6/12/14	First Class	DB-13210	Dean Braden	Consumer	London	England	United Kingdom		EU	North	OFF-BI-10001544	Office Supplies	Binders	Wilson Jones Hole Reinforcements, Clear	14,364	4	0,1	0,0840000000000001	5,89	Critical
1370	7273	MX-2012-106047	10/9/12	10/11/12	Second Class	BS-11665	Brian Stugart	Consumer	Ensenada	Baja California	Mexico		LATAM	North	TEC-AC-10000203	Technology	Accessories	SanDisk Router, Bluetooth	1196,3	7	0	574,14	169,965	High
27802	19432	ES-2011-3305419	1/17/11	1/19/11	Second Class	EH-13765	Edward Hooks	Corporate	Chelles	Ile-de-France	France		EU	Central	OFF-ST-10000988	Office Supplies	Storage	Fellowes Folders, Blue	95,04	4	0,1	42,24	6,56	High
34254	24623	IN-2012-17888	9/19/12	9/21/12	First Class	TP-21565	Tracy Poddar	Corporate	Guilin	Guangxi	China		APAC	North Asia	OFF-PA-10003499	Office Supplies	Paper	Xerox Parchment Paper, 8.5 x 11	34,8	2	0	16,32	3,83	Medium
18630	16358	ES-2014-4262012	8/30/14	9/1/14	Second Class	MC-18100	Mick Crebagga	Consumer	Elx	Valenciana	Spain		EU	South	OFF-AR-10000319	Office Supplies	Art	Binney & Smith Canvas, Fluorescent	105,24	2	0	19,98	14,1	High
5452	17763	ES-2011-3577688	9/2/11	9/6/11	Standard Class	JJ-15445	Jennifer Jackson	Consumer	Wattrelos	Nord-Pas-de-Calais	France		EU	Central	FUR-CH-10003746	Furniture	Chairs	Novimex Executive Leather Armchair, Black	1236,465	3	0,1	302,175	61,23	Medium
29458	6601	US-2012-158330	11/12/12	11/18/12	Standard Class	SC-20725	Steven Cartwright	Consumer	Tegucigalpa	Francisco Morazán	Honduras		LATAM	Central	FUR-CH-10000788	Furniture	Chairs	Hon Rocking Chair, Adjustable	106,488	2	0,4	-67,472	5,741	Medium
5660	26210	IN-2013-12204	6/27/13	7/3/13	Standard Class	BT-11680	Brian Thompson	Consumer	Sandakan	Sabah	Malaysia		APAC	Southeast Asia	TEC-PH-10001002	Technology	Phones	Apple Signal Booster, Full Size	551,76	4	0	215,16	59,49	Medium
31759	18281	ES-2013-2847029	11/13/13	11/18/13	Standard Class	SC-20230	Scot Coram	Corporate	Turin	Piedmont	Italy		EU	South	OFF-BI-10003440	Office Supplies	Binders	Avery Binder Covers, Economy	77,49	7	0	23,94	4,74	Medium
10423	19268	IT-2011-2861112	12/13/11	12/19/11	Standard Class	CM-11830	Cari MacIntyre	Corporate	La Rochelle	Poitou-Charentes	France		EU	Central	TEC-CO-10002601	Technology	Copiers	Brother Fax and Copier, Digital	324,921	2	0,15	-3,879	31,29	Low
13002	15362	ES-2014-4177777	12/19/14	12/23/14	Second Class	SW-20245	Scot Wooten	Consumer	Tournai	Hainaut	Belgium		EU	Central	OFF-BI-10001622	Office Supplies	Binders	Acco 3-Hole Punch, Durable	158,1	5	0	64,8	23,97	High
10389	13777	ES-2012-3346085	12/28/12	1/3/13	Standard Class	HW-14935	Helen Wasserman	Corporate	Edinburgh	Scotland	United Kingdom		EU	North	TEC-CO-10001142	Technology	Copiers	Brother Ink, Digital	440,82	3	0	110,16	31,41	Medium
27002	31060	IN-2012-84794	10/23/12	10/30/12	Standard Class	HG-14845	Harry Greene	Consumer	Newcastle	New South Wales	Australia		APAC	Oceania	OFF-AP-10001606	Office Supplies	Appliances	KitchenAid Toaster, Black	84,75	1	0	7,62	6,99	Medium
26204	27282	IN-2014-62275	7/24/14	7/26/14	Second Class	OT-18730	Olvera Toch	Consumer	Shanghai	Shanghai	China		APAC	North Asia	OFF-PA-10004946	Office Supplies	Paper	SanDisk Note Cards, Multicolor	67,92	2	0	14,94	7,46	High
39624	21143	IN-2013-21535	11/26/13	12/2/13	Standard Class	LS-17230	Lycoris Saunders	Consumer	Wuxi	Hunan	China		APAC	North Asia	OFF-AR-10004656	Office Supplies	Art	Boston Sketch Pad, Easy-Erase	97,74	2	0	21,48	2,33	Medium
14965	6041	US-2012-126487	12/21/12	12/26/12	Standard Class	GG-14650	Greg Guthrie	Corporate	Buenos Aires	Buenos Aires	Argentina		LATAM	South	TEC-CO-10002065	Technology	Copiers	Hewlett Copy Machine, Laser	314,91876	3	0,402	-153,80124	19,803	Medium
1262	22822	IN-2012-76142	11/20/12	11/23/12	First Class	RD-19900	Ruben Dartt	Consumer	Kaifeng	Henan	China		APAC	North Asia	FUR-CH-10000258	Furniture	Chairs	Office Star Steel Folding Chair, Red	641,97	7	0	38,43	177,72	Critical
17045	14957	ES-2014-2920154	12/1/14	12/4/14	First Class	JL-15505	Jeremy Lonsdale	Consumer	Bielefeld	North Rhine-Westphalia	Germany		EU	Central	FUR-FU-10002937	Furniture	Furnishings	Rubbermaid Light Bulb, Durable	126,96	8	0	50,64	16,27	Critical
35814	2949	US-2013-130092	4/25/13	4/25/13	Same Day	LD-16855	Lela Donovan	Corporate	San Justo	Santa Fe	Argentina		LATAM	South	TEC-AC-10003548	Technology	Accessories	Logitech Flash Drive, Bluetooth	24,408	2	0,4	-4,912	3,348	High
39569	16390	ES-2011-3051209	5/12/11	5/17/11	Standard Class	KB-16240	Karen Bern	Corporate	Utrecht	Utrecht	Netherlands		EU	Central	OFF-PA-10000522	Office Supplies	Paper	Xerox Computer Printout Paper, Recycled	52,5	4	0,5	-17,94	2,34	Medium
13471	39728	CA-2014-155621	11/9/14	11/14/14	Standard Class	KN-16450	Kean Nguyen	Corporate	Baltimore	Maryland	United States	21215.0	US	East	FUR-FU-10003535	Furniture	Furnishings	Howard Miller Distant Time Traveler Alarm Clock	274,2	10	0	112,422	22,89	High
31145	40943	US-2014-107979	6/9/14	6/14/14	Standard Class	FO-14305	Frank Olsen	Consumer	Glendale	Arizona	United States	85301.0	US	West	OFF-BI-10000778	Office Supplies	Binders	GBC VeloBinder Electric Binding Machine	72,588	2	0,7	-48,392	5,01	Medium
30148	9783	MX-2012-129672	4/22/12	4/25/12	First Class	DM-12955	Dario Medina	Corporate	Bayamo	Granma	Cuba		LATAM	Caribbean	OFF-SU-10004899	Office Supplies	Supplies	Acme Scissors, Easy Grip	36,08	2	0	8,64	5,432	Medium
34764	48170	SG-2014-9800	7/24/14	7/26/14	Second Class	MM-7920	Michael Moore	Consumer	Dakar	Dakar	Senegal		Africa	Africa	OFF-NOV-10000092	Office Supplies	Labels	Novimex Color Coded Labels, 5000 Label Set	12,81	1	0	3,57	3,66	Critical
2638	2725	MX-2011-148495	11/17/11	11/20/11	First Class	SM-20950	Suzanne McNair	Corporate	São Paulo	São Paulo	Brazil		LATAM	South	TEC-CO-10001595	Technology	Copiers	Brother Copy Machine, Color	526,40508	3	0,002	188,78508	109,361	High
8528	41652	RS-2014-6940	9/15/14	9/21/14	Standard Class	SP-10920	Susan Pistek	Consumer	Angarsk	Irkutsk	Russia		EMEA	EMEA	TEC-SHA-10000971	Technology	Copiers	Sharp Fax Machine, Color	594,18	2	0	47,52	39,53	Medium
3563	28646	IN-2011-59685	8/4/11	8/8/11	Standard Class	BM-11785	Bryan Mills	Consumer	Tiruchchirappalli	Tamil Nadu	India		APAC	Central Asia	TEC-CO-10001204	Technology	Copiers	Sharp Copy Machine, Color	963,36	4	0	154,08	87,26	Medium
31158	24746	ID-2013-38650	8/6/13	8/9/13	First Class	SC-20095	Sanjit Chand	Consumer	Quetta	Baluchistan	Pakistan		APAC	Central Asia	OFF-FA-10003530	Office Supplies	Fasteners	OIC Clamps, Bulk Pack	49,425	5	0,5	-24,825	5	Medium
42720	42165	TU-2012-2840	8/24/12	8/30/12	Standard Class	JF-5355	Jay Fein	Consumer	Kayseri	Kayseri	Turkey		EMEA	EMEA	OFF-BIC-10003575	Office Supplies	Art	BIC Markers, Easy-Erase	21,36	2	0,6	-17,1	1,67	Medium
3268	749	MX-2011-115826	8/22/11	8/26/11	Standard Class	DV-13045	Darrin Van Huff	Corporate	Mexico City	Distrito Federal	Mexico		LATAM	North	TEC-CO-10001001	Technology	Copiers	HP Fax Machine, Digital	1395,24392	7	0,002	150,92392	93,317	Medium
28950	107	US-2011-150623	9/27/11	10/2/11	Standard Class	HD-14785	Harold Dahlen	Home Office	Santo Domingo	Santo Domingo	Dominican Republic		LATAM	Caribbean	OFF-PA-10004854	Office Supplies	Paper	Green Bar Cards & Envelopes, Recycled	77,28	3	0,2	-1,02	5,989	Medium
37282	15829	ES-2013-2491395	6/17/13	6/21/13	Standard Class	BM-11785	Bryan Mills	Consumer	Vienna	Vienna	Austria		EU	Central	OFF-BI-10000282	Office Supplies	Binders	Ibico Binder, Durable	33,96	2	0	0,96	2,93	High
41373	26556	IN-2013-17958	3/30/13	4/6/13	Standard Class	RP-19855	Roy Phan	Corporate	Manila	National Capital	Philippines		APAC	Southeast Asia	OFF-FA-10001650	Office Supplies	Fasteners	OIC Push Pins, Metal	24,7995	3	0,45	0,859500000000004	1,95	Medium
36848	14420	IT-2014-1678595	1/18/14	1/25/14	Standard Class	CA-12775	Cynthia Arntzen	Consumer	Chaumont	Champagne-Ardenne	France		EU	Central	OFF-EN-10004404	Office Supplies	Envelopes	Jiffy Manila Envelope, with clear poly window	29,55	1	0	0,27	3,05	Low
10716	37866	CA-2011-100678	4/18/11	4/22/11	Standard Class	KM-16720	Kunst Miller	Consumer	Houston	Texas	United States	77095.0	US	Central	FUR-CH-10002602	Furniture	Chairs	DMI Arturo Collection Mission-style Design Wood Chair	317,058	3	0,3	-18,1176	30,33	Medium
32638	34842	CA-2014-121216	12/24/14	12/26/14	Second Class	MM-17920	Michael Moore	Consumer	College Station	Texas	United States	77840.0	US	Central	OFF-AP-10001947	Office Supplies	Appliances	Acco 6 Outlet Guardian Premium Plus Surge Suppressor	29,312	8	0,8	-74,7456	4,41	Critical
8735	47268	BU-2013-9480	12/20/13	12/21/13	First Class	CS-1860	Cari Schnelling	Consumer	Plovdiv	Plovdiv	Bulgaria		EMEA	EMEA	OFF-ELD-10001318	Office Supplies	Storage	Eldon Lockers, Industrial	198,39	1	0	97,2	38,5	High
2453	14005	ES-2011-2132896	5/3/11	5/7/11	Second Class	MM-18280	Muhammed MacIntyre	Corporate	Bremen	Bremen	Germany		EU	Central	TEC-PH-10000705	Technology	Phones	Apple Headset, Cordless	532,77	7	0	111,72	115,66	High
42398	42385	NI-2013-9450	1/14/13	1/19/13	Standard Class	DL-2925	Daniel Lacy	Consumer	Kano	Kano	Nigeria		Africa	Africa	OFF-GLO-10003650	Office Supplies	Envelopes	GlobeWeis Mailers, with clear poly window	25,254	2	0,7	-42,966	1,74	Medium
3681	2272	MX-2014-147270	12/25/14	12/27/14	First Class	CC-12430	Chuck Clark	Home Office	Huehuetenango	Huehuetenango	Guatemala		LATAM	Central	TEC-PH-10001712	Technology	Phones	Nokia Smart Phone, Full Size	848,08	2	0	330,72	85,073	Medium
327	24610	IN-2014-68750	9/22/14	9/25/14	Second Class	BP-11290	Beth Paige	Consumer	Singapore	Singapore	Singapore		APAC	Southeast Asia	TEC-CO-10000679	Technology	Copiers	Hewlett Personal Copier, High-Speed	1282,23	9	0	12,69	349,88	Critical
11287	2002	US-2013-108308	5/28/13	5/29/13	First Class	AH-10030	Aaron Hawkins	Corporate	Santiago de los Caballeros	Santiago	Dominican Republic		LATAM	Caribbean	OFF-AP-10004527	Office Supplies	Appliances	Hamilton Beach Toaster, White	178,08	6	0,2	17,76	28,628	Medium
14945	31037	IN-2014-80958	9/10/14	9/15/14	Standard Class	SL-20155	Sara Luxemburg	Home Office	Palmerston North	Manawatu-Wanganui	New Zealand		APAC	Oceania	TEC-AC-10000865	Technology	Accessories	Enermax Keyboard, Bluetooth	333,84	4	0	9,96	19,84	Medium
938	10552	IT-2013-3376681	8/31/13	9/3/13	First Class	KC-16675	Kimberly Carter	Corporate	Celle	Lower Saxony	Germany		EU	Central	TEC-MA-10004929	Technology	Machines	Panasonic Printer, White	794,7	3	0	174,78	209,73	Critical
6031	17684	ES-2013-3501129	12/26/13	1/1/14	Standard Class	MT-18070	Michelle Tran	Home Office	Toulon	Provence-Alpes-Côte d'Azur	France		EU	Central	FUR-TA-10002467	Furniture	Tables	Lesro Conference Table, Adjustable Height	1676,5515	3	0,35	309,4515	56,04	Medium
17282	41033	US-2012-100069	6/29/12	7/3/12	Standard Class	NF-18475	Neil Französisch	Home Office	Omaha	Nebraska	United States	68104.0	US	Central	TEC-PH-10004667	Technology	Phones	Cisco 8x8 Inc. 6753i IP Business Phone System	269,98	2	0	72,8946	15,94	Medium
8558	3436	MX-2011-156755	12/29/11	1/5/12	Standard Class	LR-17035	Lisa Ryan	Corporate	Ilopango	San Salvador	El Salvador		LATAM	Central	FUR-BO-10004162	Furniture	Bookcases	Ikea Floating Shelf Set, Pine	457,84	4	0	187,68	39,382	Low
33472	37787	CA-2011-149594	9/15/11	9/19/11	Standard Class	MF-18250	Monica Federle	Corporate	Philadelphia	Pennsylvania	United States	19120.0	US	East	FUR-FU-10000222	Furniture	Furnishings	"Seth Thomas 16"" Steel Case Clock"	103,936	4	0,2	16,8896	4,1	Medium
48412	31811	CA-2014-163405	12/22/14	12/26/14	Standard Class	BN-11515	Bradley Nguyen	Consumer	Los Angeles	California	United States	90049.0	US	West	OFF-AR-10001246	Office Supplies	Art	Newell 317	5,88	2	0	1,7052	0,66	High
27377	30242	IN-2014-31916	10/29/14	11/2/14	Second Class	SC-20260	Scott Cohen	Corporate	Jakarta	Jakarta	Indonesia		APAC	Southeast Asia	FUR-CH-10002117	Furniture	Chairs	Hon Steel Folding Chair, Red	178,3098	3	0,27	26,8398	6,79	Medium
46560	44518	SF-2013-10000	10/29/13	10/29/13	Same Day	NB-8580	Nicole Brennan	Corporate	Pretoria	Gauteng	South Africa		Africa	Africa	OFF-KLE-10002118	Office Supplies	Supplies	Kleencut Ruler, Serrated	10,26	1	0	2,55	0,97	Medium
8281	19790	ES-2012-2677676	6/2/12	6/6/12	Standard Class	DB-13615	Doug Bickford	Consumer	Wilhelmshaven	Lower Saxony	Germany		EU	Central	OFF-SU-10002337	Office Supplies	Supplies	Elite Trimmer, High Speed	250,02	6	0	12,42	40,8	High
46063	38366	CA-2011-141901	8/9/11	8/14/11	Standard Class	GM-14500	Gene McClure	Consumer	Fresno	California	United States	93727.0	US	West	OFF-PA-10001667	Office Supplies	Paper	Great White Multi-Use Recycled Paper (20Lb. and 84 Bright)	5,98	1	0	2,691	1,05	High
25106	12671	ES-2011-5693005	11/8/11	11/8/11	Same Day	AG-10495	Andrew Gjertsen	Corporate	Pforzheim	Baden-Württemberg	Germany		EU	Central	FUR-FU-10003662	Furniture	Furnishings	Tenex Door Stop, Erganomic	85,02	2	0	13,56	8,15	High
42410	2317	US-2012-163370	1/12/12	1/16/12	Second Class	DJ-13420	Denny Joy	Corporate	Resistencia	Chaco	Argentina		LATAM	South	OFF-FA-10003885	Office Supplies	Fasteners	Stockwell Rubber Bands, Metal	45,528	7	0,4	-9,212	1,74	High
10097	31981	US-2014-168116	11/5/14	11/5/14	Same Day	GT-14635	Grant Thornton	Corporate	Burlington	North Carolina	United States	27217.0	US	South	OFF-AP-10002457	Office Supplies	Appliances	Eureka The Boss Plus 12-Amp Hard Box Upright Vacuum, Red	167,44	2	0,2	14,651	32,47	High
34920	23011	ID-2011-46819	12/6/11	12/10/11	Standard Class	LW-16825	Laurel Workman	Corporate	Perth	Western Australia	Australia		APAC	Oceania	OFF-SU-10003717	Office Supplies	Supplies	Stiletto Ruler, Serrated	72,954	7	0,1	-2,436	3,61	Medium
7566	32665	CA-2014-133249	7/9/14	7/12/14	First Class	SZ-20035	Sam Zeldin	Home Office	Pico Rivera	California	United States	90660.0	US	West	FUR-FU-10001588	Furniture	Furnishings	Deflect-o SuperTray Unbreakable Stackable Tray, Letter, Black	145,9	5	0	62,737	44,85	Critical
34097	27710	ID-2012-69065	8/7/12	8/13/12	Standard Class	JC-15775	John Castell	Consumer	Bekasi	Jawa Barat	Indonesia		APAC	Southeast Asia	TEC-AC-10003951	Technology	Accessories	Logitech Numeric Keypad, USB	98,6436	4	0,47	5,52359999999999	3,88	Medium
36580	35297	CA-2011-116834	10/11/11	10/16/11	Standard Class	Dp-13240	Dean percer	Home Office	Seattle	Washington	United States	98115.0	US	West	FUR-FU-10001196	Furniture	Furnishings	DAX Cubicle Frames - 8x10	63,47	11	0	19,041	3,12	Medium
24458	6512	MX-2014-112431	5/7/14	5/12/14	Standard Class	GM-14695	Greg Maxwell	Corporate	San Salvador	San Salvador	El Salvador		LATAM	Central	OFF-SU-10000979	Office Supplies	Supplies	Acme Letter Opener, Easy Grip	169,76	8	0	74,56	8,577	Medium
26603	44935	NI-2014-6800	6/11/14	6/16/14	Second Class	NR-8550	Nick Radford	Consumer	Lagos	Lagos	Nigeria		Africa	Africa	OFF-ELD-10001318	Office Supplies	Storage	Eldon Lockers, Industrial	59,517	1	0,7	-41,673	7,23	Medium
46731	33501	CA-2012-128860	6/29/12	7/5/12	Standard Class	SC-20725	Steven Cartwright	Consumer	Lancaster	Pennsylvania	United States	17602.0	US	East	FUR-FU-10001473	Furniture	Furnishings	Eldon Executive Woodline II Desk Accessories, Mahogany	20,104	1	0,2	1,7591	0,94	Medium
38539	17441	IT-2013-3113956	9/25/13	9/30/13	Standard Class	EM-13960	Eric Murdock	Consumer	Lisbon	Lisboa	Portugal		EU	South	OFF-AR-10000319	Office Supplies	Art	Binney & Smith Canvas, Fluorescent	52,62	2	0,5	-32,64	2,59	Medium
25813	26064	IN-2013-64214	10/11/13	10/16/13	Standard Class	LT-16765	Larry Tron	Consumer	Sanya	Hainan	China		APAC	North Asia	OFF-EN-10001882	Office Supplies	Envelopes	Jiffy Manila Envelope, with clear poly window	177,3	6	0	86,76	7,69	Medium
47886	43435	TU-2014-5710	4/14/14	4/19/14	Standard Class	CC-2670	Craig Carreira	Consumer	Osmaniye	Osmaniye	Turkey		EMEA	EMEA	OFF-ACC-10003422	Office Supplies	Binders	Acco Binder, Durable	6,66	1	0,6	-5,34	0,75	Medium
25286	7591	US-2014-106565	3/4/14	3/6/14	Second Class	MN-17935	Michael Nguyen	Consumer	Rosario	Santa Fe	Argentina		LATAM	South	FUR-FU-10000110	Furniture	Furnishings	Deflect-O Door Stop, Black	123,06	7	0,4	-82,04	8,032	Medium
17006	18340	ES-2013-5506373	1/4/13	1/6/13	Second Class	RD-19660	Robert Dilbeck	Home Office	Turin	Piedmont	Italy		EU	South	OFF-ST-10001025	Office Supplies	Storage	Tenex Trays, Single Width	97,632	3	0,4	-3,258	16,33	High
18319	46161	TU-2012-9350	11/13/12	11/20/12	Standard Class	BD-1635	Brian Derr	Consumer	Etimesgut	Ankara	Turkey		EMEA	EMEA	FUR-DAN-10002028	Furniture	Bookcases	Dania Classic Bookcase, Mobile	165,312	1	0,6	-173,598	14,51	Medium
39455	31842	CA-2011-103849	5/11/11	5/16/11	Standard Class	PG-18895	Paul Gonzalez	Consumer	Fort Worth	Texas	United States	76106.0	US	Central	FUR-FU-10000723	Furniture	Furnishings	Deflect-o EconoMat Studded, No Bevel Mat for Low Pile Carpeting	66,112	4	0,6	-84,2928	2,37	Medium
50916	34294	CA-2011-138317	6/21/11	6/25/11	Standard Class	NW-18400	Natalie Webber	Consumer	Philadelphia	Pennsylvania	United States	19120.0	US	East	FUR-FU-10000550	Furniture	Furnishings	Stacking Trays by OIC	3,984	1	0,2	0,6474	0,17	Medium
13542	5388	MX-2013-141901	11/18/13	11/24/13	Standard Class	CC-12550	Clay Cheatham	Consumer	Hidalgo	Michoacán	Mexico		LATAM	North	TEC-AC-10000097	Technology	Accessories	Belkin Mouse, Programmable	225,12	8	0	40,48	22,683	Medium
28996	8780	US-2014-144498	5/27/14	6/1/14	Second Class	AR-10825	Anthony Rawles	Corporate	San Carlos del Zulia	Zulia	Venezuela		LATAM	South	FUR-CH-10001972	Furniture	Chairs	Hon Chairmat, Adjustable	69,624	3	0,4	-19,776	5,965	Medium
35631	28978	ID-2011-69772	5/20/11	5/27/11	Standard Class	MA-17560	Matt Abelman	Home Office	Manila	National Capital	Philippines		APAC	Southeast Asia	FUR-FU-10002928	Furniture	Furnishings	Rubbermaid Clock, Durable	70,785	2	0,25	9,405	3,4	Medium
2244	5929	MX-2014-141208	7/2/14	7/6/14	Standard Class	AG-10330	Alex Grayson	Consumer	Bridgetown	Saint Michael	Barbados		LATAM	Caribbean	FUR-TA-10004801	Furniture	Tables	Hon Conference Table, Rectangular	1838,1	3	0	533,04	124,102	Medium
32119	9436	MX-2014-139164	9/8/14	9/11/14	First Class	SF-20200	Sarah Foster	Consumer	Antiguo Cuscatlán	La Libertad	El Salvador		LATAM	Central	OFF-ST-10001590	Office Supplies	Storage	Eldon Folders, Blue	22,64	2	0	0	4,601	Critical
5236	14124	ES-2013-2963054	12/25/13	12/29/13	Standard Class	TT-21070	Ted Trevino	Consumer	Barcelona	Catalonia	Spain		EU	South	TEC-MA-10003223	Technology	Machines	StarTech Inkjet, Durable	540,324	2	0,1	5,96399999999998	63,7	High
50362	41578	NI-2013-8160	2/25/13	3/2/13	Standard Class	BD-1635	Brian Derr	Consumer	Abeokuta	Ogun	Nigeria		Africa	Africa	OFF-CAR-10001746	Office Supplies	Binders	Cardinal Index Tab, Clear	4,032	2	0,7	-3,768	0,3	Medium
6694	19807	IT-2013-5689054	5/2/13	5/5/13	First Class	VB-21745	Victoria Brennan	Corporate	London	England	United Kingdom		EU	North	OFF-SU-10003632	Office Supplies	Supplies	Acme Letter Opener, Easy Grip	171,882	6	0,1	34,362	51,12	Critical
44775	15944	ES-2014-3277356	11/17/14	11/22/14	Second Class	CK-12205	Chloris Kastensmidt	Consumer	Florence	Tuscany	Italy		EU	South	OFF-AR-10000703	Office Supplies	Art	BIC Pens, Water Color	34,92	2	0	14,28	1,27	Medium
31767	31708	CA-2014-117457	12/9/14	12/13/14	Standard Class	KH-16510	Keith Herrera	Consumer	San Francisco	California	United States	94110.0	US	West	OFF-PA-10001970	Office Supplies	Paper	Xerox 1908	55,98	1	0	27,4302	4,74	Medium
580	23466	IN-2011-10055	10/6/11	10/10/11	Standard Class	TS-21370	Todd Sumrall	Corporate	Visakhapatnam	Andhra Pradesh	India		APAC	Central Asia	OFF-AP-10003598	Office Supplies	Appliances	Breville Refrigerator, Red	2077,32	4	0	581,64	269,89	Medium
23106	23306	IN-2013-62429	5/9/13	5/9/13	Same Day	SC-20845	Sung Chung	Consumer	Brisbane	Queensland	Australia		APAC	Oceania	OFF-AR-10004486	Office Supplies	Art	Sanford Canvas, Blue	90,936	2	0,1	16,116	9,59	Medium
18834	21433	IN-2013-10489	5/30/13	6/1/13	First Class	GH-14485	Gene Hale	Corporate	Baguio City	Cordillera	Philippines		APAC	Southeast Asia	TEC-AC-10001735	Technology	Accessories	Logitech Mouse, Bluetooth	80,52	5	0,45	-45,48	13,84	Medium
10570	42843	SA-2013-9480	9/3/13	9/10/13	Standard Class	CM-1830	Cari MacIntyre	Corporate	Medina	Al Madinah	Saudi Arabia		EMEA	EMEA	TEC-HP -10003618	Technology	Copiers	HP Fax Machine, Digital	599,16	2	0	0	30,8	Medium
39301	42656	AG-2011-1390	8/16/11	8/21/11	Standard Class	DH-3675	Duane Huffman	Home Office	Bejaia	Bejaia	Algeria		Africa	Africa	OFF-IBI-10000440	Office Supplies	Binders	Ibico Binder Covers, Clear	26,22	2	0	1,8	2,41	Medium
30638	43808	EG-2013-8810	3/29/13	4/3/13	Second Class	JK-6120	Julie Kriz	Home Office	Cairo	Al Qahirah	Egypt		Africa	Africa	FUR-RUB-10001094	Furniture	Furnishings	Rubbermaid Door Stop, Duo Pack	43,86	1	0	3,06	5,22	High
8847	8790	US-2013-108581	5/16/13	5/20/13	Standard Class	AG-10300	Aleksandra Gannaway	Corporate	Tegucigalpa	Francisco Morazán	Honduras		LATAM	Central	FUR-BO-10002383	Furniture	Bookcases	Sauder Floating Shelf Set, Pine	548,604	7	0,4	-64,036	37,972	Medium
3218	370	US-2013-128013	11/9/13	11/10/13	First Class	IM-15070	Irene Maddox	Consumer	La Ceiba	Atlántida	Honduras		LATAM	Central	TEC-CO-10001933	Technology	Copiers	HP Fax Machine, High-Speed	713,15088	6	0,402	-264,84912	94,466	High
11841	45304	MO-2013-570	11/22/13	11/27/13	Standard Class	PA-9060	Pete Armstrong	Home Office	Rabat	Rabat-Salé-Zemmour-Zaer	Morocco		Africa	Africa	OFF-BOS-10002472	Office Supplies	Art	Boston Sketch Pad, Blue	388,8	8	0	167,04	27,07	Medium
634	28213	IN-2013-50214	7/11/13	7/15/13	Standard Class	JH-15910	Jonathan Howell	Consumer	Matsubara	Oita	Japan		APAC	North Asia	FUR-BO-10001749	Furniture	Bookcases	Bush Classic Bookcase, Traditional	2888,76	7	0	173,25	256,64	Medium
30396	35634	CA-2012-125234	11/27/12	12/1/12	Standard Class	SN-20710	Steve Nguyen	Home Office	Los Angeles	California	United States	90049.0	US	West	TEC-AC-10000158	Technology	Accessories	Sony 64GB Class 10 Micro SDHC R40 Memory Card	107,97	3	0	22,6737	5,32	Medium
20727	50343	MO-2013-9260	10/9/13	10/14/13	Standard Class	CC-2685	Craig Carroll	Consumer	Sale	Rabat-Salé-Zemmour-Zaer	Morocco		Africa	Africa	FUR-HAR-10004129	Furniture	Chairs	Harbour Creations Swivel Stool, Set of Two	182,37	1	0	52,86	11,73	Medium
17213	27746	IN-2014-61939	4/8/14	4/15/14	Standard Class	AH-10075	Adam Hart	Corporate	Lianyuan	Hunan	China		APAC	North Asia	FUR-FU-10003826	Furniture	Furnishings	Eldon Door Stop, Duo Pack	150,66	3	0	54,18	16,04	Medium
48640	37699	CA-2014-125472	5/31/14	6/1/14	First Class	BD-11725	Bruce Degenhardt	Consumer	Lafayette	Louisiana	United States	70506.0	US	South	OFF-BI-10000591	Office Supplies	Binders	Avery Binder Labels	3,89	1	0	1,8672	0,62	Medium
33980	16001	ES-2013-1436499	2/20/13	2/26/13	Standard Class	IM-15070	Irene Maddox	Consumer	Meyzieu	Rhône-Alpes	France		EU	Central	OFF-FA-10003836	Office Supplies	Fasteners	Stockwell Rubber Bands, 12 Pack	47,88	3	0	4,77	3,92	Medium
11488	50282	IZ-2014-6680	8/25/14	8/25/14	Same Day	JR-5670	Jim Radford	Consumer	Baghdad	Baghdad	Iraq		EMEA	EMEA	FUR-NOV-10002333	Furniture	Chairs	Novimex Steel Folding Chair, Black	79,8	1	0	13,56	28,04	High
1088	12537	ES-2013-4468149	12/31/13	1/3/14	First Class	JK-15730	Joe Kamberova	Consumer	Rome	Lazio	Italy		EU	South	TEC-CO-10002240	Technology	Copiers	Canon Copy Machine, High-Speed	781,02	3	0	140,58	193,57	High
28036	4030	MX-2013-165813	12/11/13	12/13/13	First Class	TS-21370	Todd Sumrall	Corporate	Lima	Lima (city)	Peru		LATAM	South	OFF-PA-10002488	Office Supplies	Paper	Xerox Message Books, Multicolor	43,56	5	0,4	-16,04	6,446	Critical
25395	51274	TU-2012-1600	2/15/12	2/19/12	Standard Class	AH-195	Alan Haines	Corporate	Izmir	Izmir	Turkey		EMEA	EMEA	TEC-BRO-10000381	Technology	Copiers	Brother Fax and Copier, Laser	153,192	2	0,6	-134,088	7,96	Medium
40866	16415	ES-2014-4337039	1/16/14	1/20/14	Standard Class	GH-14425	Gary Hwang	Consumer	Oslo	Oslo	Norway		EU	North	TEC-MA-10002267	Technology	Machines	Konica Calculator, White	50,04	1	0	14,49	2,05	Medium
47361	41275	US-2013-103674	12/7/13	12/11/13	Standard Class	AP-10720	Anne Pryor	Home Office	Los Angeles	California	United States	90032.0	US	West	OFF-BI-10003727	Office Supplies	Binders	Avery Durable Slant Ring Binders With Label Holder	13,376	4	0,2	4,6816	0,84	Medium
1407	32166	CA-2013-158099	9/4/13	9/6/13	First Class	PK-18910	Paul Knutson	Home Office	Philadelphia	Pennsylvania	United States	19143.0	US	East	OFF-BI-10000545	Office Supplies	Binders	GBC Ibimaster 500 Manual ProClick Binding System	1141,47	5	0,7	-760,98	166,97	Medium
3999	34054	CA-2013-127775	6/12/13	6/14/13	Second Class	ES-14020	Erica Smith	Consumer	New York City	New York	United States	10035.0	US	East	TEC-AC-10002402	Technology	Accessories	Razer Kraken PRO Over Ear PC and Music Headset	239,97	3	0	71,991	79,71	Critical
30042	49395	TU-2012-2510	4/3/12	4/8/12	Standard Class	AH-585	Angele Hood	Consumer	Umraniye	Istanbul	Turkey		EMEA	EMEA	OFF-ROG-10002682	Office Supplies	Storage	Rogers Box, Industrial	39,12	4	0,6	-58,68	5,48	High
13410	30053	ID-2013-72362	6/4/13	6/9/13	Standard Class	CS-11845	Cari Sayre	Corporate	Pekanbaru	Riau	Indonesia		APAC	Southeast Asia	TEC-AC-10002601	Technology	Accessories	SanDisk Router, Bluetooth	271,731	2	0,47	-61,569	23,04	Medium
31493	45467	MO-2012-6510	9/3/12	9/6/12	Second Class	JW-6075	Julia West	Consumer	El Jadida	Doukkala-Abda	Morocco		Africa	Africa	OFF-AVE-10002102	Office Supplies	Binders	Avery 3-Hole Punch, Economy	27,87	1	0	13,92	4,86	High
17837	6655	MX-2012-161872	2/21/12	2/26/12	Standard Class	AA-10645	Anna Andreadi	Consumer	Artemisa	Artemisa	Cuba		LATAM	Caribbean	TEC-AC-10004853	Technology	Accessories	Logitech Memory Card, Programmable	209,76	3	0	18,84	15,175	Medium
26988	38311	CA-2011-114790	3/11/11	3/13/11	Second Class	FM-14215	Filia McAdams	Corporate	Richmond	Kentucky	United States	40475.0	US	South	OFF-AP-10002578	Office Supplies	Appliances	Fellowes Premier Superior Surge Suppressor, 10-Outlet, With Phone and Remote	146,76	3	0	38,1576	7	High
17398	47629	CA-2012-1220	9/6/12	9/10/12	Standard Class	GH-4425	Gary Hwang	Consumer	Calgary	Alberta	Canada		Canada	Canada	OFF-SME-10004370	Office Supplies	Storage	Smead File Cart, Blue	127,47	1	0	1,26	15,77	High
17303	7776	MX-2014-114601	8/7/14	8/13/14	Standard Class	MC-17590	Matt Collister	Corporate	Villa Nueva	Guatemala	Guatemala		LATAM	Central	TEC-CO-10001756	Technology	Copiers	Canon Personal Copier, Color	287,78328	3	0,002	111,86328	15,918	Medium
25516	23155	ID-2012-44495	2/22/12	2/26/12	Standard Class	KM-16225	Kalyca Meade	Corporate	Kuala Lumpur	Kuala Lumpur	Malaysia		APAC	Southeast Asia	OFF-PA-10002974	Office Supplies	Paper	Enermax Note Cards, 8.5 x 11	85,23	3	0	16,11	7,87	Medium
35132	15230	ES-2014-5666077	2/3/14	2/7/14	Standard Class	HD-14785	Harold Dahlen	Home Office	Granada	Andalusía	Spain		EU	South	OFF-EN-10003904	Office Supplies	Envelopes	Jiffy Business Envelopes, Recycled	29,52	2	0	4,68	3,54	Medium
21296	48852	EG-2013-3080	6/4/13	6/6/13	First Class	NL-8310	Nancy Lomonaco	Home Office	Asyut	Asyut	Egypt		Africa	Africa	TEC-MOT-10004345	Technology	Phones	Motorola Office Telephone, Full Size	146,1	2	0	46,74	11,16	High
16191	167	MX-2012-107146	7/31/12	8/5/12	Second Class	SL-20155	Sara Luxemburg	Home Office	Ilopango	San Salvador	El Salvador		LATAM	Central	FUR-CH-10003623	Furniture	Chairs	SAFCO Steel Folding Chair, Black	277,6	5	0	2,7	17,623	Medium
36618	29205	ID-2013-76709	9/26/13	9/30/13	Standard Class	VW-21775	Victoria Wilson	Corporate	Canberra	Australian Capital Territory	Australia		APAC	Oceania	OFF-FA-10003980	Office Supplies	Fasteners	OIC Paper Clips, Metal	43,65	5	0,4	-23,4	3,11	Medium
44690	32439	CA-2011-146969	9/29/11	10/3/11	Standard Class	AP-10915	Arthur Prichep	Consumer	Los Angeles	California	United States	90045.0	US	West	OFF-FA-10001561	Office Supplies	Fasteners	Stockwell Push Pins	8,72	4	0	2,8776	1,29	High
25780	38132	CA-2014-142643	10/16/14	10/21/14	Standard Class	DL-13495	Dionis Lloyd	Corporate	Thousand Oaks	California	United States	91360.0	US	West	OFF-LA-10003510	Office Supplies	Labels	Avery 4027 File Folder Labels for Dot Matrix Printers, 5000 Labels per Box, White	152,65	5	0	70,219	7,71	Medium
49502	42792	TU-2014-4400	8/15/14	8/19/14	Standard Class	NC-8535	Nick Crebassa	Corporate	Kahramanmaras	Kahramanmaras	Turkey		EMEA	EMEA	OFF-IBI-10000099	Office Supplies	Binders	Ibico Binder, Clear	5,976	1	0,6	-7,644	0,46	Medium
10262	15848	ES-2012-1771958	8/7/12	8/12/12	Standard Class	BD-11620	Brian DeCherney	Consumer	Milan	Lombardy	Italy		EU	South	FUR-BO-10001831	Furniture	Bookcases	Sauder Floating Shelf Set, Metal	582,12	3	0	139,68	31,85	Medium
11638	17696	ES-2014-2997259	11/6/14	11/9/14	First Class	LP-17080	Liz Pelletier	Consumer	Hove	England	United Kingdom		EU	North	OFF-AR-10001533	Office Supplies	Art	Sanford Sketch Pad, Easy-Erase	91,5	2	0	42,06	27,61	High
45152	50479	KZ-2014-1640	12/26/14	12/31/14	Standard Class	AF-870	Art Ferguson	Consumer	Taraz	Zhambyl	Kazakhstan		EMEA	EMEA	OFF-AVE-10004909	Office Supplies	Binders	Avery 3-Hole Punch, Durable	17,622	2	0,7	-20,598	1,21	Medium
3741	41127	CA-2011-113257	12/16/11	12/18/11	Second Class	SC-20305	Sean Christensen	Consumer	Beaumont	Texas	United States	77705.0	US	Central	TEC-AC-10004171	Technology	Accessories	Razer Kraken 7.1 Surround Sound Over Ear USB Gaming Headset	319,968	4	0,2	95,9904	83,87	Critical
23766	49858	AG-2012-4060	3/19/12	3/21/12	First Class	LM-7065	Liz MacKendrick	Consumer	Annaba	Annaba	Algeria		Africa	Africa	OFF-BIC-10001823	Office Supplies	Art	BIC Canvas, Fluorescent	109,92	2	0	38,46	9,1	Medium
34307	22691	IN-2014-25266	12/9/14	12/13/14	Standard Class	DM-13015	Darrin Martin	Consumer	Sydney	New South Wales	Australia		APAC	Oceania	FUR-FU-10003605	Furniture	Furnishings	Eldon Light Bulb, Durable	40,014	2	0,1	15,534	3,81	High
48501	19936	IT-2011-1320928	11/16/11	11/23/11	Standard Class	RP-19270	Rachel Payne	Corporate	Stockholm	Stockholm	Sweden		EU	North	OFF-BI-10004903	Office Supplies	Binders	Ibico Hole Reinforcements, Durable	4,245	1	0,5	-1,875	0,64	Low
38677	21810	IN-2014-78116	6/12/14	6/18/14	Standard Class	DL-12925	Daniel Lacy	Consumer	Kota	Rajasthan	India		APAC	Central Asia	OFF-BI-10004700	Office Supplies	Binders	Cardinal Binder, Durable	45,99	3	0	13,32	2,56	Medium
13619	3840	US-2014-128118	4/21/14	4/25/14	Standard Class	ME-17320	Maria Etezadi	Home Office	Buenos Aires	Buenos Aires	Argentina		LATAM	South	TEC-PH-10000087	Technology	Phones	Apple Signal Booster, Cordless	334,8	6	0,4	-189,72	22,512	Medium
49732	26944	ID-2013-69198	9/24/13	9/28/13	Standard Class	CR-12625	Corey Roper	Home Office	Semarang	Jawa Tengah	Indonesia		APAC	Southeast Asia	OFF-LA-10003617	Office Supplies	Labels	Smead Legal Exhibit Labels, Adjustable	9,54	2	0,47	-0,720000000000001	0,41	Medium
33471	36740	CA-2012-148712	4/17/12	4/23/12	Standard Class	JM-15535	Jessica Myrick	Consumer	New York City	New York	United States	10035.0	US	East	OFF-BI-10001900	Office Supplies	Binders	DXL Angle-View Binders with Locking Rings, Black	62,296	13	0,2	21,0249	4,1	Medium
13889	14355	ES-2012-3876991	4/26/12	4/28/12	First Class	TS-21205	Thomas Seio	Corporate	Lugo	Galicia	Spain		EU	South	TEC-PH-10002312	Technology	Phones	Samsung Audio Dock, with Caller ID	150,147	1	0,1	-11,703	21,98	Critical
27794	653	US-2014-165750	4/3/14	4/7/14	Standard Class	CB-12535	Claudia Bergmann	Corporate	Tegucigalpa	Francisco Morazán	Honduras		LATAM	Central	FUR-CH-10004844	Furniture	Chairs	Novimex Swivel Stool, Adjustable	267,12	4	0,4	-178,08	6,569	Medium
30995	9723	US-2011-144078	5/21/11	5/24/11	First Class	EM-14140	Eugene Moren	Home Office	Maracaibo	Zulia	Venezuela		LATAM	South	OFF-ST-10002463	Office Supplies	Storage	Eldon Trays, Single Width	57,6	3	0,4	-9,6	5,066	Medium
8982	7079	MX-2013-117296	10/21/13	10/26/13	Standard Class	BD-11725	Bruce Degenhardt	Consumer	Quetzaltenango	Quezaltenango	Guatemala		LATAM	Central	TEC-CO-10001093	Technology	Copiers	HP Personal Copier, Digital	247,36428	3	0,002	96,16428	37,362	High
40624	3369	MX-2013-147060	7/29/13	8/2/13	Standard Class	MG-17875	Michael Grace	Home Office	Cancún	Quintana Roo	Mexico		LATAM	North	OFF-AR-10001072	Office Supplies	Art	Sanford Pens, Fluorescent	41,2	5	0	5,7	2,101	Medium
27655	30268	IN-2014-40092	6/23/14	6/26/14	Second Class	PK-19075	Pete Kriz	Consumer	Yangon	Yangon	Myanmar (Burma)		APAC	Southeast Asia	OFF-LA-10002765	Office Supplies	Labels	Harbour Creations Legal Exhibit Labels, Adjustable	22,0365	3	0,17	-1,3635	6,64	Critical
48311	42608	MZ-2011-2490	8/24/11	8/29/11	Standard Class	SC-10050	Sample Company A	Home Office	Maputo	Cidade De Maputo	Mozambique		Africa	Africa	OFF-HON-10001508	Office Supplies	Labels	Hon Removable Labels, 5000 Label Set	10,26	1	0	0,18	0,68	Medium
12733	12037	ES-2014-1325616	3/4/14	3/8/14	Standard Class	LA-16780	Laura Armstrong	Corporate	Innsbruck	Tyrol	Austria		EU	Central	TEC-PH-10001163	Technology	Phones	Motorola Speaker Phone, Cordless	265,26	2	0	13,26	24,66	High
42870	41118	CA-2012-162201	6/8/12	6/12/12	Standard Class	AG-10495	Andrew Gjertsen	Corporate	Saint Petersburg	Florida	United States	33710.0	US	South	OFF-BI-10002429	Office Supplies	Binders	Premier Elliptical Ring Binder, Black	18,264	2	0,7	-13,3936	1,64	Medium
6510	27495	IN-2014-67308	6/26/14	6/28/14	Second Class	ON-18715	Odella Nelson	Corporate	Pingnan	Guangxi	China		APAC	North Asia	TEC-PH-10002138	Technology	Phones	Apple Audio Dock, Cordless	339,48	2	0	27,12	52,44	High
13166	13310	ES-2014-5822421	6/27/14	7/1/14	Standard Class	CS-12460	Chuck Sachs	Consumer	Valencia	Valenciana	Spain		EU	South	FUR-FU-10003664	Furniture	Furnishings	Tenex Frame, Erganomic	325,8	3	0	107,46	23,57	Medium
48160	12630	IT-2012-5541817	11/12/12	11/16/12	Standard Class	DA-13450	Dianna Arnett	Home Office	Toulouse	Midi-Pyrénées	France		EU	Central	OFF-ST-10001195	Office Supplies	Storage	Smead Box, Wire Frame	7,872	2	0,6	-8,508	0,7	Medium
25802	47273	SA-2014-10	4/9/14	4/13/14	Standard Class	JW-6075	Julia West	Consumer	Riyadh	Ar Riyad	Saudi Arabia		EMEA	EMEA	OFF-BIN-10000837	Office Supplies	Art	Binney & Smith Markers, Easy-Erase	97,44	4	0	38,88	7,7	Medium
29376	11222	ES-2011-1657853	5/27/11	5/30/11	First Class	DP-13165	David Philippe	Consumer	Pulheim	North Rhine-Westphalia	Germany		EU	Central	OFF-BI-10001833	Office Supplies	Binders	Ibico Hole Reinforcements, Recycled	44,1	6	0	13,5	5,79	Medium
6965	24153	ID-2014-19813	11/14/14	11/16/14	First Class	TB-21400	Tom Boeckenhauer	Consumer	Toowoomba	Queensland	Australia		APAC	Oceania	TEC-AC-10002335	Technology	Accessories	Belkin Memory Card, USB	207,036	2	0,1	-16,104	49,1	High
29011	25196	IN-2014-48121	2/18/14	2/20/14	First Class	CM-12160	Charles McCrossin	Consumer	Bacolod City	Western Visayas	Philippines		APAC	Southeast Asia	OFF-ST-10003810	Office Supplies	Storage	Tenex Box, Single Width	27,2745	3	0,45	-5,0355	5,96	High
5934	10860	ES-2012-3944475	6/29/12	7/4/12	Standard Class	SC-20725	Steven Cartwright	Consumer	Berlin	Berlin	Germany		EU	Central	FUR-CH-10004047	Furniture	Chairs	SAFCO Rocking Chair, Adjustable	769,44	7	0,2	153,72	56,97	Medium
44104	6035	MX-2014-164812	11/3/14	11/7/14	Standard Class	BT-11530	Bradley Talbott	Home Office	Tehuacán	Puebla	Mexico		LATAM	North	OFF-LA-10004747	Office Supplies	Labels	Hon Color Coded Labels, Alphabetical	16,84	2	0	8,08	1,396	Medium
39860	50986	AG-2014-2760	6/9/14	6/13/14	Standard Class	CL-2565	Clay Ludtke	Consumer	Saida	Saida	Algeria		Africa	Africa	FUR-DEF-10002865	Furniture	Furnishings	Deflect-O Light Bulb, Erganomic	17,61	1	0	8,79	2,28	High
46605	33495	CA-2012-135363	3/28/12	4/2/12	Standard Class	CK-12205	Chloris Kastensmidt	Consumer	Philadelphia	Pennsylvania	United States	19120.0	US	East	OFF-PA-10003177	Office Supplies	Paper	Xerox 1999	15,552	3	0,2	5,4432	0,96	Medium
30870	45918	TU-2014-6470	12/26/14	12/28/14	Second Class	JG-5115	Jack Garza	Consumer	Ankara	Ankara	Turkey		EMEA	EMEA	OFF-BOS-10004262	Office Supplies	Art	Boston Highlighters, Easy-Erase	30,624	4	0,6	-29,136	5,12	High
38452	51262	AG-2012-1940	7/31/12	8/4/12	Standard Class	BP-1230	Benjamin Patterson	Consumer	Laghouat	Laghouat	Algeria		Africa	Africa	TEC-STA-10003925	Technology	Machines	StarTech Card Printer, Durable	163,62	1	0	40,89	2,62	Medium
47825	38661	CA-2013-127243	11/29/13	12/5/13	Standard Class	DS-13180	David Smith	Corporate	Philadelphia	Pennsylvania	United States	19140.0	US	East	OFF-FA-10004076	Office Supplies	Fasteners	Translucent Push Pins by OIC	12,672	8	0,2	2,6928	0,76	Medium
33186	17986	ES-2013-4467445	3/2/13	3/6/13	Standard Class	TH-21235	Tiffany House	Corporate	Colmar	Alsace	France		EU	Central	OFF-BI-10003724	Office Supplies	Binders	Cardinal Index Tab, Economy	43,8	5	0	20,1	4,2	Medium
38296	3846	MX-2013-105781	6/27/13	7/1/13	Standard Class	CL-12700	Craig Leslie	Home Office	Juárez	Chihuahua	Mexico		LATAM	North	FUR-CH-10004783	Furniture	Chairs	Novimex Chairmat, Red	60,096	2	0,2	-4,544	2,65	Medium
19129	32576	CA-2011-163293	9/8/11	9/11/11	First Class	KC-16255	Karen Carlisle	Corporate	Macon	Georgia	United States	31204.0	US	South	TEC-AC-10000023	Technology	Accessories	Maxell 74 Minute CD-R Spindle, 50/Pack	83,88	4	0	30,1968	13,48	Medium
34547	45113	MO-2014-5060	3/13/14	3/20/14	Standard Class	AY-555	Andy Yotov	Corporate	Casablanca	Grand Casablanca	Morocco		Africa	Africa	TEC-CAN-10001981	Technology	Copiers	Canon Ink, High-Speed	145,35	1	0	46,5	3,73	Medium
160	22058	IN-2013-17041	10/2/13	10/4/13	First Class	SO-20335	Sean O'Donnell	Consumer	Changchun	Jilin	China		APAC	North Asia	OFF-AP-10002090	Office Supplies	Appliances	Hamilton Beach Refrigerator, Red	3000,78	6	0	1080,18	465,63	High
45325	45611	MO-2013-8630	11/23/13	11/23/13	Same Day	AB-255	Alejandro Ballentine	Home Office	Casablanca	Grand Casablanca	Morocco		Africa	Africa	OFF-OIC-10001155	Office Supplies	Fasteners	OIC Paper Clips, Bulk Pack	14,43	1	0	7,05	1,18	Medium
15915	19501	ES-2012-1672765	1/11/12	1/14/12	First Class	GP-14740	Guy Phonely	Corporate	Elx	Valenciana	Spain		EU	South	OFF-AR-10001461	Office Supplies	Art	BIC Canvas, Water Color	113,76	2	0	1,08	18,11	Medium
38195	21430	IN-2011-30586	10/26/11	10/28/11	Second Class	DB-13660	Duane Benoit	Consumer	Gold Coast	Queensland	Australia		APAC	Oceania	TEC-CO-10000269	Technology	Copiers	HP Ink, Laser	347,49	3	0,1	-11,61	2,68	Medium
15985	44602	RW-2013-8370	2/7/13	2/12/13	Second Class	TB-11250	Tim Brockman	Consumer	Kigali	Kigali	Rwanda		Africa	Africa	TEC-MOT-10001196	Technology	Phones	Motorola Audio Dock, Cordless	176,22	1	0	45,81	17,96	Medium
32169	47587	IZ-2013-230	2/2/13	2/7/13	Standard Class	MH-7440	Mark Haberlin	Corporate	Basra	Al Basrah	Iraq		EMEA	EMEA	OFF-STA-10001791	Office Supplies	Art	Stanley Highlighters, Water Color	35,76	2	0	12,12	4,59	High
49842	17751	ES-2011-4753236	3/14/11	3/19/11	Second Class	DB-12970	Darren Budd	Corporate	Tourcoing	Nord-Pas-de-Calais	France		EU	Central	OFF-LA-10002625	Office Supplies	Labels	Harbour Creations Round Labels, Adjustable	13,95	3	0	3,87	0,39	Medium
38026	45687	IZ-2012-4680	9/12/12	9/14/12	First Class	MK-8160	Mike Kennedy	Consumer	Baqubah	Diyala	Iraq		EMEA	EMEA	OFF-ACC-10001028	Office Supplies	Fasteners	Accos Push Pins, Metal	14,64	1	0	2,46	2,73	High
4405	14527	ES-2013-4190886	8/13/13	8/15/13	First Class	SM-20950	Suzanne McNair	Corporate	Montauban	Midi-Pyrénées	France		EU	Central	OFF-BI-10004227	Office Supplies	Binders	Avery Binding Machine, Economy	244,2	5	0	29,25	74,11	High
12445	5294	MX-2014-143763	10/22/14	10/26/14	Standard Class	BH-11710	Brosina Hoffman	Consumer	Cabo de Santo Agostinho	Pernambuco	Brazil		LATAM	South	FUR-BO-10000746	Furniture	Bookcases	Ikea Corner Shelving, Mobile	251,16	3	0	107,94	25,397	Medium
47110	44329	NI-2014-8880	1/29/14	1/29/14	Same Day	TC-10980	Tamara Chand	Corporate	Aba	Abia	Nigeria		Africa	Africa	OFF-STO-10004841	Office Supplies	Fasteners	Stockwell Paper Clips, Assorted Sizes	6,57	2	0,7	-6,81	0,88	High
34947	17870	ES-2014-3452497	6/3/14	6/9/14	Standard Class	AG-10330	Alex Grayson	Consumer	Turku	Finland Proper	Finland		EU	North	FUR-FU-10001169	Furniture	Furnishings	Rubbermaid Clock, Duo Pack	100,44	2	0	16,02	3,6	Medium
25663	15050	ES-2011-5608714	9/18/11	9/22/11	Standard Class	CC-12685	Craig Carroll	Consumer	Dudley	England	United Kingdom		EU	North	TEC-MA-10004896	Technology	Machines	StarTech Phone, White	72,93	1	0	29,88	7,78	High
26869	36052	CA-2014-126354	2/4/14	2/9/14	Standard Class	SC-20380	Shahid Collister	Consumer	Pembroke Pines	Florida	United States	33024.0	US	South	OFF-PA-10004381	Office Supplies	Paper	14-7/8 x 11 Blue Bar Computer Printout Paper	115,296	3	0,2	40,3536	7,07	Medium
20964	25483	IN-2014-36627	8/22/14	8/26/14	Standard Class	JK-16090	Juliana Krohn	Consumer	Ajmer	Rajasthan	India		APAC	Central Asia	FUR-CH-10001797	Furniture	Chairs	Harbour Creations Bag Chairs, Adjustable	128,22	2	0	48,72	11,49	Medium
2819	5694	US-2011-153745	11/25/11	11/28/11	First Class	LD-17005	Lisa DeCherney	Consumer	Río Bravo	Tamaulipas	Mexico		LATAM	North	FUR-BO-10002325	Furniture	Bookcases	Bush Classic Bookcase, Metal	659,424	3	0,2	-0,0360000000000127	104,515	Medium
33252	23491	ID-2013-11091	5/14/13	5/19/13	Standard Class	ML-17410	Maris LaWare	Consumer	Yogyakarta	Yogyakarta	Indonesia		APAC	Southeast Asia	OFF-AR-10000539	Office Supplies	Art	Boston Markers, Easy-Erase	38,8944	2	0,27	-10,6656	4,18	High
9520	23794	ID-2014-39784	11/6/14	11/10/14	Standard Class	BF-11080	Bart Folk	Consumer	Manila	National Capital	Philippines		APAC	Southeast Asia	TEC-PH-10002042	Technology	Phones	Cisco Audio Dock, Full Size	550,08	4	0,25	-66,12	34,79	Medium
31985	48910	SL-2014-420	7/28/14	7/30/14	First Class	MH-8115	Mick Hernandez	Home Office	Bo	Southern	Sierra Leone		Africa	Africa	OFF-TEN-10001129	Office Supplies	Storage	Tenex Shelving, Blue	54,66	1	0	2,73	4,66	Medium
6849	31449	CA-2013-158834	3/14/13	3/17/13	First Class	TW-21025	Tamara Willingham	Home Office	Scottsdale	Arizona	United States	85254.0	US	West	TEC-PH-10001254	Technology	Phones	Jabra BIZ 2300 Duo QD Duo Corded Headset	203,184	2	0,2	15,2388	49,93	Critical
1052	10425	ES-2011-2377967	2/24/11	2/28/11	Standard Class	JC-16105	Julie Creighton	Corporate	Namur	Namur	Belgium		EU	Central	FUR-BO-10000002	Furniture	Bookcases	Bush Classic Bookcase, Mobile	2076	5	0	103,8	197,11	Medium
44216	15181	ES-2014-3179581	7/14/14	7/16/14	First Class	DB-13210	Dean Braden	Consumer	Madrid	Madrid	Spain		EU	South	OFF-BI-10002412	Office Supplies	Binders	Avery Hole Reinforcements, Economy	8,82	2	0	0	1,37	High
31097	9662	MX-2013-118619	1/3/13	1/7/13	Second Class	PO-18865	Patrick O'Donnell	Consumer	León	León	Nicaragua		LATAM	Central	OFF-LA-10002868	Office Supplies	Labels	Hon Removable Labels, 5000 Label Set	47,88	7	0	6,58	5,023	Medium
50517	3873	MX-2012-141320	6/20/12	6/25/12	Standard Class	GR-14560	Georgia Rosenberg	Corporate	La Ceiba	Atlántida	Honduras		LATAM	Central	OFF-BI-10003184	Office Supplies	Binders	Avery Index Tab, Clear	6,948	3	0,4	-0,372000000000001	0,263	Medium
37901	47896	SA-2014-5570	12/24/14	12/30/14	Standard Class	EB-3930	Eric Barreto	Consumer	Riyadh	Ar Riyad	Saudi Arabia		EMEA	EMEA	TEC-EPS-10004171	Technology	Machines	Epson Calculator, Red	43,56	1	0	15,66	2,77	Medium
39394	43250	NI-2013-3450	12/26/13	12/31/13	Second Class	EG-3900	Emily Grady	Consumer	Kano	Kano	Nigeria		Africa	Africa	TEC-ENE-10004192	Technology	Accessories	Enermax Keyboard, Bluetooth	25,038	1	0,7	-18,372	2,39	Medium
16642	22370	IN-2013-17699	8/22/13	8/26/13	Standard Class	TB-21400	Tom Boeckenhauer	Consumer	Tokyo	Tokyo	Japan		APAC	North Asia	TEC-PH-10004933	Technology	Phones	Samsung Headset, VoIP	293,16	4	0	123,12	16,88	Medium
24774	48846	TZ-2011-9610	12/15/11	12/20/11	Standard Class	SW-10455	Shaun Weien	Consumer	Uvinza	Kigoma	Tanzania		Africa	Africa	OFF-AVE-10000357	Office Supplies	Binders	Avery Binder Covers, Clear	84,24	8	0	19,2	8,36	Medium
1341	41071	CA-2011-169019	7/26/11	7/30/11	Standard Class	LF-17185	Luke Foster	Consumer	San Antonio	Texas	United States	78207.0	US	Central	OFF-BI-10004995	Office Supplies	Binders	GBC DocuBind P400 Electric Binding System	2177,584	8	0,8	-3701,8928	172,07	Medium
15171	50114	IZ-2012-2030	9/4/12	9/8/12	Standard Class	RM-9750	Roland Murray	Consumer	Basra	Al Basrah	Iraq		EMEA	EMEA	FUR-SAF-10003160	Furniture	Chairs	SAFCO Rocking Chair, Adjustable	274,8	2	0	98,88	19,42	Medium
19987	31243	IN-2013-84997	3/25/13	3/27/13	Second Class	RC-19960	Ryan Crowe	Consumer	Timaru	Canterbury	New Zealand		APAC	Oceania	TEC-PH-10000571	Technology	Phones	Apple Audio Dock, with Caller ID	333,78	2	0	76,74	12,51	Medium
4909	24450	IN-2012-13359	3/5/12	3/9/12	Standard Class	GM-14680	Greg Matthias	Consumer	Sydney	New South Wales	Australia		APAC	Oceania	FUR-CH-10003581	Furniture	Chairs	Hon Executive Leather Armchair, Adjustable	409,239	1	0,1	118,209	67,67	High
45065	28964	IN-2014-27667	5/13/14	5/15/14	First Class	RD-19810	Ross DeVincentis	Home Office	Jingmen	Hubei	China		APAC	North Asia	OFF-LA-10000271	Office Supplies	Labels	Harbour Creations Shipping Labels, Alphabetical	11,28	1	0	5,28	1,22	High
8043	38917	US-2011-144078	11/25/11	11/29/11	Standard Class	RB-19435	Richard Bierner	Consumer	Los Angeles	California	United States	90004.0	US	West	TEC-PH-10001580	Technology	Phones	Logitech Mobile Speakerphone P710e - speaker phone	539,92	5	0,2	47,243	42,16	Medium
8339	35394	CA-2011-116904	9/23/11	9/28/11	Standard Class	SC-20095	Sanjit Chand	Consumer	Minneapolis	Minnesota	United States	55407.0	US	Central	OFF-ST-10000736	Office Supplies	Storage	Carina Double Wide Media Storage Towers in Natural & Black	404,9	5	0	16,196	40,5	Medium
47085	24857	IN-2014-78900	12/3/14	12/7/14	Standard Class	JF-15190	Jamie Frazer	Consumer	Phnom Penh	Phnom Penh	Cambodia		APAC	Southeast Asia	OFF-ST-10003414	Office Supplies	Storage	Smead Box, Wire Frame	9,84	1	0	1,26	0,88	High
28607	50681	TU-2013-1290	7/22/13	7/26/13	Standard Class	PJ-9015	Pauline Johnson	Consumer	Bagcilar	Istanbul	Turkey		EMEA	EMEA	OFF-ELD-10002279	Office Supplies	Storage	Eldon Shelving, Industrial	78,24	4	0,6	-111,6	6,16	Medium
23119	992	US-2012-163265	5/15/12	5/22/12	Standard Class	ME-18010	Michelle Ellison	Corporate	San Pedro de Macorís	San Pedro de Macorís	Dominican Republic		LATAM	Caribbean	OFF-ST-10000836	Office Supplies	Storage	Tenex Trays, Blue	144,56	5	0,2	-19,94	9,589	Low
34092	23558	ID-2013-72243	6/6/13	6/11/13	Standard Class	SG-20890	Susan Gilcrest	Corporate	Bangkok	Bangkok	Thailand		APAC	Southeast Asia	OFF-BI-10004098	Office Supplies	Binders	Acco 3-Hole Punch, Durable	52,4892	2	0,17	-10,1508	3,88	Medium
39461	36808	US-2011-137680	2/25/11	3/2/11	Standard Class	JH-15430	Jennifer Halladay	Consumer	Medford	Oregon	United States	97504.0	US	West	OFF-PA-10000174	Office Supplies	Paper	"Message Book, Wirebound, Four 5 1/2"" X 4"" Forms/Pg., 200 Dupl. Sets/Book"	32,896	4	0,2	11,1024	2,37	High
15048	41445	IR-2011-6550	2/1/11	2/6/11	Standard Class	PO-8850	Patrick O'Brill	Consumer	Mashhad	Razavi Khorasan	Iran		EMEA	EMEA	FUR-ADV-10002601	Furniture	Furnishings	Advantus Photo Frame, Erganomic	309,6	6	0	148,5	19,65	High
39629	29774	ID-2014-52902	12/30/14	1/1/15	First Class	JW-16075	Julia West	Consumer	Ho Chi Minh City	Ho Chí Minh City	Vietnam		APAC	Southeast Asia	OFF-ST-10004325	Office Supplies	Storage	Eldon Box, Single Width	8,5407	1	0,17	2,3607	2,33	High
15725	24957	IN-2012-11476	10/29/12	11/2/12	Second Class	HH-15010	Hilary Holden	Corporate	Indore	Madhya Pradesh	India		APAC	Central Asia	OFF-EN-10001627	Office Supplies	Envelopes	Cameo Interoffice Envelope, with clear poly window	254,85	5	0	30,45	18,43	High
16465	30004	IN-2013-66860	7/11/13	7/17/13	Standard Class	RS-19420	Ricardo Sperren	Corporate	Kathmandu	Central	Nepal		APAC	Central Asia	OFF-SU-10000723	Office Supplies	Supplies	Kleencut Shears, Steel	184,68	4	0	35,04	17,15	Medium
28506	26847	IN-2012-58621	5/4/12	5/9/12	Standard Class	AO-10810	Anthony O'Donnell	Corporate	Gold Coast	Queensland	Australia		APAC	Oceania	OFF-SU-10004304	Office Supplies	Supplies	Elite Letter Opener, Easy Grip	73,71	3	0,1	12,24	6,21	Medium
2128	31848	CA-2013-136406	4/16/13	4/18/13	Second Class	BD-11320	Bill Donatelli	Consumer	San Francisco	California	United States	94110.0	US	West	FUR-CH-10002024	Furniture	Chairs	HON 5400 Series Task Chairs for Big and Tall	1121,568	2	0,2	0	128,48	Medium
47379	10240	US-2014-161830	3/12/14	3/18/14	Standard Class	GB-14530	George Bell	Corporate	Brumado	Bahia	Brazil		LATAM	South	OFF-SU-10004932	Office Supplies	Supplies	Stiletto Ruler, Easy Grip	17,6	4	0,6	-22,88	0,839	Medium
17269	45617	NI-2012-2640	6/1/12	6/6/12	Standard Class	PB-8805	Patrick Bzostek	Home Office	Damaturu	Yobe	Nigeria		Africa	Africa	FUR-IKE-10000649	Furniture	Bookcases	Ikea Library with Doors, Pine	218,844	2	0,7	-269,916	15,96	Medium
14294	37697	CA-2014-151981	8/7/14	8/13/14	Standard Class	GM-14455	Gary Mitchum	Home Office	Concord	New Hampshire	United States	3301.0	US	East	OFF-AR-10000380	Office Supplies	Art	Hunt PowerHouse Electric Pencil Sharpener, Blue	227,88	6	0	68,364	21,1	Medium
13075	26650	IN-2014-23894	4/2/14	4/5/14	Second Class	LP-17095	Liz Preis	Consumer	Jakarta	Jakarta	Indonesia		APAC	Southeast Asia	TEC-AC-10004938	Technology	Accessories	Belkin Mouse, Bluetooth	86,3052	4	0,47	-53,8548	23,8	Critical
36508	26543	IN-2013-14325	6/27/13	7/2/13	Standard Class	SE-20110	Sanjit Engle	Consumer	Jakarta	Jakarta	Indonesia		APAC	Southeast Asia	OFF-BI-10002594	Office Supplies	Binders	Cardinal Binder Covers, Recycled	41,0352	4	0,17	12,8352	3,14	Medium
50181	26022	IN-2014-61813	8/14/14	8/18/14	Standard Class	EJ-14155	Eva Jacobs	Consumer	Adelaide	South Australia	Australia		APAC	Oceania	OFF-LA-10003644	Office Supplies	Labels	Novimex Removable Labels, Adjustable	6,993	1	0,1	0,843	0,33	Medium
37218	31057	IN-2012-83464	8/24/12	8/31/12	Standard Class	BF-11005	Barry Franz	Home Office	Porirua	Wellington	New Zealand		APAC	Oceania	FUR-FU-10003276	Furniture	Furnishings	Rubbermaid Light Bulb, Durable	31,74	2	0	8,88	2,95	Medium
19277	51281	IV-2012-7600	9/21/12	9/24/12	Second Class	TC-11145	Theresa Coyne	Corporate	Bouake	Vallee Du Bandama	Cote d'Ivoire		Africa	Africa	TEC-CIS-10002565	Technology	Phones	Cisco Speaker Phone, Full Size	139,77	1	0	47,52	13,29	Medium
16754	26636	ID-2012-13450	10/23/12	10/28/12	Standard Class	MD-17350	Maribeth Dona	Consumer	Ho Chi Minh City	Ho Chí Minh City	Vietnam		APAC	Southeast Asia	TEC-AC-10004566	Technology	Accessories	Belkin Mouse, USB	195,1884	9	0,47	-48,0816	16,7	Medium
19733	42858	TU-2013-8610	5/8/13	5/10/13	Second Class	AW-840	Anthony Witt	Consumer	Eskisehir	Eskisehir	Turkey		EMEA	EMEA	FUR-BUS-10002040	Furniture	Bookcases	Bush Library with Doors, Mobile	146,736	1	0,6	-102,744	12,78	Medium
37000	40902	US-2014-122672	11/5/14	11/10/14	Standard Class	HG-14965	Henry Goldwyn	Corporate	Lancaster	Ohio	United States	43130.0	US	East	TEC-AC-10002323	Technology	Accessories	SanDisk Ultra 32 GB MicroSDHC Class 10 Memory Card	70,72	4	0,2	-6,188	3,01	Medium
36924	20788	IN-2014-55478	5/13/14	5/13/14	Same Day	PC-19000	Pauline Chand	Home Office	Melbourne	Victoria	Australia		APAC	Oceania	OFF-BI-10003142	Office Supplies	Binders	Acco Binder Covers, Clear	23,004	2	0,1	-2,556	3,03	High
44574	34755	CA-2014-136448	9/17/14	9/19/14	First Class	AS-10090	Adam Shillingsburg	Consumer	Philadelphia	Pennsylvania	United States	19143.0	US	East	OFF-BI-10002393	Office Supplies	Binders	Binder Posts	3,444	2	0,7	-2,7552	1,31	Critical
16828	22994	IN-2013-14437	8/12/13	8/19/13	Standard Class	NG-18355	Nat Gilpin	Corporate	Handan	Hebei	China		APAC	North Asia	OFF-EN-10004849	Office Supplies	Envelopes	Cameo Mailers, Security-Tint	202,8	5	0	66,9	16,59	Medium
43911	17813	ES-2013-3792525	6/9/13	6/15/13	Standard Class	TT-21070	Ted Trevino	Consumer	Paris	Ile-de-France	France		EU	Central	FUR-FU-10004137	Furniture	Furnishings	Tenex Light Bulb, Erganomic	17,55	1	0	0,87	1,43	Medium
40323	44180	GG-2012-8530	5/11/12	5/13/12	Second Class	SG-10470	Sheri Gordon	Consumer	Tbilisi	Tbilisi	Georgia		EMEA	EMEA	OFF-CUI-10000203	Office Supplies	Appliances	Cuisinart Toaster, Black	52,89	1	0	19,02	2,17	High
45566	48590	UP-2011-3730	3/1/11	3/5/11	Standard Class	RD-9900	Ruben Dartt	Consumer	Vinnytsya	Vinnytsya	Ukraine		EMEA	EMEA	OFF-TEN-10001585	Office Supplies	Storage	Tenex Box, Single Width	16,53	1	0	7,41	1,14	Medium
1611	43333	UP-2013-1070	6/20/13	6/24/13	Standard Class	MD-7860	Michael Dominguez	Corporate	Poltava	Poltava	Ukraine		EMEA	EMEA	FUR-HAR-10002873	Furniture	Chairs	Harbour Creations Executive Leather Armchair, Adjustable	1904,4	4	0	761,76	153,87	High
40478	5825	MX-2013-169320	4/30/13	5/4/13	Standard Class	RB-19795	Ross Baird	Home Office	Mixco	Guatemala	Guatemala		LATAM	Central	OFF-EN-10004470	Office Supplies	Envelopes	Ames Clasp Envelope, Security-Tint	25,6	4	0	9,92	2,139	High
15764	15950	IT-2011-3183678	9/23/11	9/25/11	First Class	ZC-21910	Zuschuss Carroll	Consumer	Berlin	Berlin	Germany		EU	Central	OFF-PA-10000317	Office Supplies	Paper	Xerox Computer Printout Paper, Premium	71,118	3	0,1	31,608	18,37	Critical
12033	29859	ID-2013-44607	9/13/13	9/17/13	Standard Class	DJ-13420	Denny Joy	Corporate	Bacolod City	Western Visayas	Philippines		APAC	Southeast Asia	OFF-AR-10000097	Office Supplies	Art	BIC Sketch Pad, Blue	160,578	6	0,45	-122,742	26,49	High
47701	39261	CA-2014-104864	11/19/14	11/24/14	Second Class	JS-15685	Jim Sink	Corporate	Miramar	Florida	United States	33023.0	US	South	OFF-PA-10004609	Office Supplies	Paper	Xerox 221	20,736	4	0,2	7,2576	0,78	Medium
28591	9306	MX-2013-109799	6/13/13	6/19/13	Standard Class	AG-10765	Anthony Garverick	Home Office	San Salvador	San Salvador	El Salvador		LATAM	Central	OFF-FA-10002085	Office Supplies	Fasteners	Stockwell Clamps, Assorted Sizes	65,16	6	0	12,36	6,167	Medium
44565	28077	IN-2012-37957	3/10/12	3/16/12	Standard Class	Dl-13600	Dorris liebe	Corporate	Delhi	Delhi	India		APAC	Central Asia	OFF-FA-10000248	Office Supplies	Fasteners	Stockwell Rubber Bands, Assorted Sizes	55,92	4	0	27,96	1,31	Medium
16674	12894	ES-2012-4803808	8/10/12	8/14/12	Standard Class	YS-21880	Yana Sorensen	Corporate	Bremen	Bremen	Germany		EU	Central	OFF-AR-10003629	Office Supplies	Art	Boston Canvas, Water Color	170,46	3	0	25,56	16,82	Medium
4402	13623	IT-2013-4063561	6/4/13	6/8/13	Standard Class	MY-17380	Maribeth Yedwab	Corporate	Bergen	Hordaland	Norway		EU	North	TEC-AC-10004556	Technology	Accessories	Enermax Memory Card, Programmable	347,67	3	0	65,97	74,14	High
51243	41315	EG-2013-3290	7/26/13	7/30/13	Standard Class	PM-8940	Paul MacIntyre	Consumer	Alexandria	Al Iskandariyah	Egypt		Africa	Africa	OFF-SAN-10000874	Office Supplies	Art	Sanford Pencil Sharpener, Fluorescent	25,83	1	0	9,03	0,05	Medium
38163	35523	CA-2014-120327	11/12/14	11/17/14	Standard Class	WB-21850	William Brown	Consumer	Urbandale	Iowa	United States	50322.0	US	Central	OFF-FA-10004854	Office Supplies	Fasteners	Vinyl Coated Wire Paper Clips in Organizer Box, 800/Box	45,92	4	0	21,5824	2,69	Medium
4592	28156	IN-2014-57711	11/4/14	11/8/14	Standard Class	CM-11830	Cari MacIntyre	Corporate	Mianyang	Sichuan	China		APAC	North Asia	TEC-MA-10004428	Technology	Machines	Panasonic Card Printer, Durable	869,7	5	0	408,75	71,7	High
20830	38081	CA-2014-121293	7/26/14	7/29/14	Second Class	JC-15775	John Castell	Consumer	Philadelphia	Pennsylvania	United States	19143.0	US	East	FUR-TA-10001771	Furniture	Tables	Bush Cubix Conference Tables, Fully Assembled	138,588	1	0,4	-34,647	11,64	Medium
24610	47051	TU-2012-5940	12/17/12	12/21/12	Standard Class	KB-6405	Katrina Bavinger	Home Office	Balikesir	Balikesir	Turkey		EMEA	EMEA	OFF-FEL-10004974	Office Supplies	Storage	Fellowes Folders, Industrial	43,008	4	0,6	-39,792	8,47	High
19183	20343	IN-2012-10790	10/23/12	10/27/12	Standard Class	JE-15610	Jim Epp	Corporate	Launceston	Tasmania	Australia		APAC	Oceania	TEC-PH-10004300	Technology	Phones	Apple Office Telephone, Cordless	245,268	4	0,1	100,788	13,41	Medium
10847	36811	CA-2012-103177	5/30/12	6/1/12	First Class	EN-13780	Edward Nazzal	Consumer	New York City	New York	United States	10009.0	US	East	OFF-AP-10004540	Office Supplies	Appliances	Eureka The Boss Lite 10-Amp Upright Vacuum, Blue	160,32	2	0	44,8896	29,92	High
24687	1999	US-2013-108308	5/28/13	5/29/13	First Class	AH-10030	Aaron Hawkins	Corporate	Santiago de los Caballeros	Santiago	Dominican Republic		LATAM	Caribbean	OFF-FA-10004265	Office Supplies	Fasteners	Stockwell Paper Clips, Assorted Sizes	36,288	6	0,2	2,208	8,419	Medium
40684	21851	IN-2011-50060	9/6/11	9/13/11	Standard Class	MC-17575	Matt Collins	Consumer	Yancheng	Jiangsu	China		APAC	North Asia	OFF-BI-10002364	Office Supplies	Binders	Acco Binder, Durable	33,3	2	0	8,94	2,09	Medium
18164	17914	IT-2014-4652290	2/28/14	3/4/14	Standard Class	DB-13555	Dorothy Badders	Corporate	London	England	United Kingdom		EU	North	OFF-AR-10002513	Office Supplies	Art	Sanford Sketch Pad, Blue	204,66	5	0,1	-15,99	14,72	Medium
13116	15540	ES-2014-3067703	8/20/14	8/22/14	First Class	DW-13195	David Wiener	Corporate	Langenfeld	North Rhine-Westphalia	Germany		EU	Central	TEC-PH-10002296	Technology	Phones	Nokia Headset, Full Size	223,2	3	0	4,41	23,69	Medium
19295	22791	ID-2012-65236	8/28/12	9/2/12	Standard Class	AA-10375	Allen Armold	Consumer	Mumbai	Maharashtra	India		APAC	Central Asia	FUR-BO-10000208	Furniture	Bookcases	Bush Stackable Bookrack, Mobile	185,265	3	0,5	-81,585	13,27	Medium
93	46366	CA-2014-6550	12/23/14	12/25/14	Second Class	SV-10815	Stuart Van	Corporate	Montréal	Quebec	Canada		Canada	Canada	TEC-MOT-10000554	Technology	Phones	Motorola Smart Phone, Full Size	3863,88	6	0	1159,02	546,56	Critical
43882	41330	TU-2014-3560	5/12/14	5/17/14	Second Class	AS-45	Aaron Smayling	Corporate	Bagcilar	Istanbul	Turkey		EMEA	EMEA	OFF-ACC-10000102	Office Supplies	Binders	Acco Binding Machine, Clear	20,22	1	0,6	-24,78	1,44	Medium
41140	47312	SF-2014-7520	12/20/14	12/22/14	Second Class	BS-1800	Bryan Spruell	Home Office	Pretoria	Gauteng	South Africa		Africa	Africa	OFF-CAR-10004229	Office Supplies	Binders	Cardinal Index Tab, Clear	14,52	2	0	5,04	2	High
30391	26185	IN-2011-47526	9/26/11	10/3/11	Standard Class	TB-21625	Trudy Brown	Consumer	Yangon	Yangon	Myanmar (Burma)		APAC	Southeast Asia	TEC-AC-10002702	Technology	Accessories	Enermax Keyboard, Bluetooth	44,2338	1	0,47	-36,7362	5,32	Low
45377	42776	TU-2013-3310	9/19/13	9/23/13	Second Class	SC-10020	Sam Craven	Consumer	Mersin	Mersin	Turkey		EMEA	EMEA	OFF-STA-10004484	Office Supplies	Art	Stanley Pens, Water Color	10,584	2	0,6	-7,416	1,17	Medium
25370	1679	US-2014-161242	10/14/14	10/19/14	Standard Class	SM-20950	Suzanne McNair	Corporate	Lima	Lima (city)	Peru		LATAM	South	OFF-ST-10003741	Office Supplies	Storage	Smead Lockers, Blue	79,368	1	0,4	-29,112	7,973	High
50601	1754	MX-2014-134887	6/24/14	6/26/14	Second Class	TB-21355	Todd Boyes	Corporate	Juárez	Chihuahua	Mexico		LATAM	North	TEC-AC-10001246	Technology	Accessories	Enermax Numeric Keypad, Erganomic	78,44	2	0	16,44	0,242	Medium
6538	39342	CA-2013-145611	9/21/13	9/25/13	Standard Class	HA-14905	Helen Abelman	Consumer	New York City	New York	United States	10035.0	US	East	OFF-AP-10001005	Office Supplies	Appliances	Honeywell Quietcare HEPA Air Cleaner	393,25	5	0	129,7725	52,25	High
45112	14752	ES-2014-2095035	5/10/14	5/15/14	Second Class	LB-16735	Larry Blacks	Consumer	Heidelberg	Baden-Württemberg	Germany		EU	Central	OFF-SU-10003115	Office Supplies	Supplies	Acme Scissors, Serrated	177,12	8	0	10,56	1,21	Medium
40482	19	US-2013-126655	6/26/13	7/1/13	Standard Class	HE-14800	Harold Engle	Corporate	San Miguelito	Panama	Panama		LATAM	Central	OFF-EN-10000075	Office Supplies	Envelopes	GlobeWeis Interoffice Envelope, Security-Tint	40,176	2	0,4	-6,064	2,137	Medium
19833	15383	IT-2012-1576508	3/13/12	3/18/12	Standard Class	VT-21700	Valerie Takahito	Home Office	Tarbes	Midi-Pyrénées	France		EU	Central	FUR-CH-10003794	Furniture	Chairs	SAFCO Bag Chairs, Set of Two	139,563	3	0,1	34,083	12,66	Medium
13390	1257	MX-2014-147487	6/9/14	6/15/14	Standard Class	SF-20200	Sarah Foster	Consumer	Sonsonate	Sonsonate	El Salvador		LATAM	Central	FUR-CH-10004095	Furniture	Chairs	SAFCO Executive Leather Armchair, Adjustable	618,56	2	0	235,04	23,077	Medium
47753	33037	CA-2011-110527	8/9/11	8/16/11	Standard Class	ED-13885	Emily Ducich	Home Office	San Diego	California	United States	92037.0	US	West	OFF-LA-10000262	Office Supplies	Labels	Avery 494	20,88	8	0	9,6048	0,77	Medium
48399	10812	IT-2014-5784522	7/16/14	7/21/14	Standard Class	CM-11830	Cari MacIntyre	Corporate	Amsterdam	North Holland	Netherlands		EU	Central	OFF-BI-10003642	Office Supplies	Binders	Wilson Jones Binder, Economy	6,51	1	0,5	-2,49	0,66	Medium
8411	15454	ES-2013-2759612	6/15/13	6/20/13	Second Class	HE-14800	Harold Engle	Corporate	Latina	Lazio	Italy		EU	South	OFF-BI-10000482	Office Supplies	Binders	Acco 3-Hole Punch, Recycled	213,36	7	0	19,11	40,12	High
15169	39678	CA-2013-134544	3/18/13	3/20/13	Second Class	AC-10660	Anna Chung	Consumer	San Francisco	California	United States	94109.0	US	West	TEC-PH-10003800	Technology	Phones	i.Sound Portable Power - 8000 mAh	84,784	2	0,2	-20,1362	19,42	High
22675	22749	IN-2011-79663	8/25/11	8/31/11	Standard Class	SC-20680	Steve Carroll	Home Office	Newcastle	New South Wales	Australia		APAC	Oceania	OFF-SU-10002448	Office Supplies	Supplies	Stiletto Trimmer, High Speed	115,425	3	0,1	11,475	9,95	Medium
40856	2683	US-2013-115756	11/1/13	11/5/13	Standard Class	JK-16120	Julie Kriz	Home Office	La Ceiba	Atlántida	Honduras		LATAM	Central	OFF-FA-10004781	Office Supplies	Fasteners	Stockwell Thumb Tacks, Metal	15,912	3	0,4	-7,188	2,05	High
4150	33807	CA-2013-136812	11/19/13	11/24/13	Standard Class	AW-10930	Arthur Wiediger	Home Office	Oklahoma City	Oklahoma	United States	73120.0	US	Central	OFF-ST-10003470	Office Supplies	Storage	Tennsco Snap-Together Open Shelving Units, Starter Sets and Add-On Units	1117,92	4	0	55,896	77,86	Medium
22777	3378	US-2013-131975	6/18/13	6/24/13	Standard Class	CC-12670	Craig Carreira	Consumer	Chincha Alta	Ica	Peru		LATAM	South	OFF-AR-10004594	Office Supplies	Art	Sanford Canvas, Water Color	128,88	6	0,4	-51,6	9,867	Medium
32349	36010	CA-2011-108273	12/16/11	12/21/11	Standard Class	EJ-13720	Ed Jacobs	Consumer	Huntsville	Texas	United States	77340.0	US	Central	FUR-FU-10002116	Furniture	Furnishings	Tenex Carpeted, Granite-Look or Clear Contemporary Contour Shape Chair Mats	56,568	2	0,6	-74,9526	4,52	Medium
14240	21833	IN-2013-16390	1/11/13	1/15/13	Second Class	BD-11620	Brian DeCherney	Consumer	Bundaberg	Queensland	Australia		APAC	Oceania	TEC-CO-10003448	Technology	Copiers	Canon Personal Copier, Laser	128,466	1	0,1	22,836	21,2	High
33446	46855	MZ-2011-9210	3/14/11	3/21/11	Standard Class	SF-10065	Sandra Flanagan	Consumer	Quelimane	Zambezia	Mozambique		Africa	Africa	OFF-ELD-10004625	Office Supplies	Storage	Eldon Trays, Blue	47,97	1	0	8,61	4,11	Medium
7581	34047	CA-2011-154669	8/8/11	8/11/11	Second Class	TM-21010	Tamara Manning	Consumer	Vacaville	California	United States	95687.0	US	West	OFF-ST-10000532	Office Supplies	Storage	Advantus Rolling Drawer Organizers	423,28	11	0	110,0528	44,72	Medium
41699	10307	ES-2012-2510515	6/19/12	6/19/12	Same Day	LH-17155	Logan Haushalter	Consumer	Le Bouscat	Aquitaine	France		EU	Central	OFF-AR-10000505	Office Supplies	Art	Binney & Smith Pens, Easy-Erase	12,21	1	0	0	1,88	High
13616	50460	RS-2013-7430	8/15/13	8/17/13	Second Class	JL-5130	Jack Lebron	Consumer	Voronezh	Voronezh	Russia		EMEA	EMEA	OFF-ACC-10002680	Office Supplies	Binders	Acco Binding Machine, Recycled	205,8	4	0	51,36	22,52	Medium
31646	33372	CA-2011-131051	12/1/11	12/5/11	Standard Class	TR-21325	Toby Ritter	Consumer	San Francisco	California	United States	94122.0	US	West	FUR-FU-10001861	Furniture	Furnishings	Floodlight Indoor Halogen Bulbs, 1 Bulb per Pack, 60 Watts	58,2	3	0	28,518	4,79	Medium
44409	26499	IN-2014-27954	5/12/14	5/18/14	Standard Class	YS-21880	Yana Sorensen	Corporate	Hyderabad	Telangana	India		APAC	Central Asia	OFF-ST-10001214	Office Supplies	Storage	Smead Box, Industrial	22,5	2	0	10,98	1,34	Low
16268	4043	US-2014-112011	9/3/14	9/7/14	Standard Class	BT-11680	Brian Thompson	Consumer	Tegucigalpa	Francisco Morazán	Honduras		LATAM	Central	FUR-CH-10004755	Furniture	Chairs	Novimex Swivel Stool, Red	197,352	3	0,4	-13,188	17,48	Medium
20752	30255	IN-2013-34618	1/22/13	1/27/13	Standard Class	MY-17380	Maribeth Yedwab	Corporate	Tongzhou	Beijing	China		APAC	North Asia	OFF-SU-10004938	Office Supplies	Supplies	Fiskars Trimmer, Steel	166,8	4	0	15	11,71	Medium
29415	5850	MX-2012-134110	12/14/12	12/16/12	Second Class	AA-10645	Anna Andreadi	Consumer	Aracati	Ceará	Brazil		LATAM	South	OFF-AR-10002380	Office Supplies	Art	Boston Highlighters, Blue	75,48	6	0	10,56	5,768	High
11179	28855	IN-2014-71382	10/11/14	10/16/14	Standard Class	TT-21070	Ted Trevino	Consumer	Tokyo	Tokyo	Japan		APAC	North Asia	FUR-CH-10000430	Furniture	Chairs	SAFCO Swivel Stool, Red	503,82	3	0	196,47	28,93	Medium
45775	39058	CA-2014-123071	12/4/14	12/7/14	First Class	CC-12550	Clay Cheatham	Consumer	Plano	Texas	United States	75023.0	US	Central	OFF-PA-10003729	Office Supplies	Paper	Xerox 1998	10,368	2	0,2	3,6288	1,1	High
21246	11626	IT-2014-2226547	12/2/14	12/7/14	Standard Class	SL-20155	Sara Luxemburg	Home Office	Acireale	Sicily	Italy		EU	South	TEC-PH-10004882	Technology	Phones	Nokia Office Telephone, VoIP	117,396	3	0,4	-5,90400000000002	11,2	Medium
13668	13769	ES-2012-4567263	8/23/12	8/27/12	Standard Class	JF-15415	Jennifer Ferguson	Consumer	Livry-Gargan	Ile-de-France	France		EU	Central	FUR-CH-10003248	Furniture	Chairs	SAFCO Bag Chairs, Black	253,854	6	0,1	19,674	22,41	Medium
38087	6984	MX-2012-133718	9/3/12	9/6/12	First Class	CR-12730	Craig Reiter	Consumer	Buenos Aires	Buenos Aires	Argentina		LATAM	South	OFF-EN-10002700	Office Supplies	Envelopes	Ames Business Envelopes, Recycled	10,752	2	0,4	-2,528	2,713	High
50866	32548	CA-2014-115602	12/19/14	12/25/14	Standard Class	DJ-13630	Doug Jacobs	Consumer	New York City	New York	United States	10009.0	US	East	OFF-AR-10000462	Office Supplies	Art	Sanford Pocket Accent Highlighters	3,2	2	0	1,376	0,18	Medium
10956	15499	ES-2012-5252305	6/20/12	6/25/12	Standard Class	BF-11170	Ben Ferrer	Home Office	Calais	Nord-Pas-de-Calais	France		EU	Central	FUR-FU-10001438	Furniture	Furnishings	Rubbermaid Frame, Duo Pack	439,8	4	0	48,36	29,61	Medium
10753	127	MX-2014-148488	6/4/14	6/6/14	First Class	JL-15130	Jack Lebron	Consumer	João Pessoa	Paraíba	Brazil		LATAM	South	OFF-EN-10004518	Office Supplies	Envelopes	GlobeWeis Mailers, Recycled	199,2	8	0	63,68	30,212	Medium
40370	42383	NI-2013-9450	1/14/13	1/19/13	Standard Class	DL-2925	Daniel Lacy	Consumer	Kano	Kano	Nigeria		Africa	Africa	OFF-BOS-10000577	Office Supplies	Art	Boston Highlighters, Blue	22,644	4	0,7	-33,996	2,16	Medium
33711	3052	MX-2013-100678	12/6/13	12/11/13	Standard Class	SJ-20125	Sanjit Jacobs	Home Office	Tepic	Nayarit	Mexico		LATAM	North	OFF-EN-10001771	Office Supplies	Envelopes	Kraft Mailers, Set of 50	50,2	2	0	14,52	4,011	Medium
8316	37609	CA-2014-120019	2/17/14	2/22/14	Standard Class	NG-18355	Nat Gilpin	Corporate	Fairfield	Connecticut	United States	6824.0	US	East	OFF-ST-10001932	Office Supplies	Storage	Fellowes Staxonsteel Drawer Files	579,51	3	0	81,1314	40,65	Medium
2232	47556	ZA-2013-9800	2/22/13	2/27/13	Standard Class	TA-11385	Tom Ashbrook	Home Office	Lusaka	Lusaka	Zambia		Africa	Africa	FUR-SAU-10004653	Furniture	Bookcases	Sauder Classic Bookcase, Traditional	1743,96	4	0	714,96	124,45	High
47841	49500	UZ-2012-9360	2/23/12	2/29/12	Standard Class	DW-3480	Dianna Wilson	Home Office	Namangan	Namangan	Uzbekistan		EMEA	EMEA	OFF-AVE-10004570	Office Supplies	Binders	Avery Binder Covers, Economy	11,07	1	0	3,42	0,76	Medium
24363	37713	CA-2013-111976	3/9/13	3/13/13	Standard Class	BD-11620	Brian DeCherney	Consumer	Philadelphia	Pennsylvania	United States	19120.0	US	East	TEC-PH-10002890	Technology	Phones	AT&T 17929 Lendline Telephone	108,576	4	0,4	-25,3344	8,65	Medium
12215	2701	MX-2013-167213	8/30/13	9/5/13	Standard Class	LR-17035	Lisa Ryan	Corporate	Santa Ana	Santa Ana	El Salvador		LATAM	Central	TEC-CO-10003204	Technology	Copiers	HP Fax and Copier, High-Speed	341,49564	3	0,002	146,43564	26,035	Medium
19590	21647	IN-2013-24762	5/7/13	5/12/13	Second Class	AB-10255	Alejandro Ballentine	Home Office	Gold Coast	Queensland	Australia		APAC	Oceania	TEC-PH-10004200	Technology	Phones	Motorola Audio Dock, Full Size	314,388	2	0,1	48,888	12,93	Medium
41913	18396	ES-2014-3317292	6/3/14	6/9/14	Standard Class	CC-12610	Corey Catlett	Corporate	Huddersfield	England	United Kingdom		EU	North	OFF-ST-10003446	Office Supplies	Storage	Smead Trays, Single Width	48,51	1	0	15,51	1,83	Medium
29661	11754	ES-2012-4984653	1/5/12	1/5/12	Same Day	CC-12100	Chad Cunningham	Home Office	Rouen	Upper Normandy	France		EU	Central	OFF-LA-10002996	Office Supplies	Labels	Avery Removable Labels, Laser Printer Compatible	42,96	4	0	8,52	5,64	High
6423	8317	MX-2012-138268	9/12/12	9/16/12	Standard Class	AC-10615	Ann Chong	Corporate	San Salvador	San Salvador	El Salvador		LATAM	Central	OFF-ST-10004754	Office Supplies	Storage	Fellowes Lockers, Single Width	414,72	3	0	99,48	52,97	High
12165	38686	CA-2014-108035	11/30/14	12/4/14	Standard Class	TT-21070	Ted Trevino	Consumer	Chattanooga	Tennessee	United States	37421.0	US	South	FUR-CH-10000454	Furniture	Chairs	Hon Deluxe Fabric Upholstered Stacking Chairs, Rounded Back	390,368	2	0,2	48,796	26,16	Medium
29288	4033	MX-2013-121846	10/12/13	10/16/13	Standard Class	MC-17635	Matthew Clasen	Corporate	Guarulhos	São Paulo	Brazil		LATAM	South	OFF-FA-10001104	Office Supplies	Fasteners	Stockwell Paper Clips, Assorted Sizes	54	6	0	18,36	5,838	High
46817	39616	CA-2014-133620	11/14/14	11/19/14	Standard Class	EM-14065	Erin Mull	Consumer	New York City	New York	United States	10009.0	US	East	OFF-ST-10004634	Office Supplies	Storage	Personal Folder Holder, Ebony	11,21	1	0	3,363	0,93	Medium
16500	45843	IR-2013-5740	4/8/13	4/10/13	First Class	SJ-10215	Sarah Jordon	Consumer	Najafabad	Esfahan	Iran		EMEA	EMEA	OFF-ROG-10004949	Office Supplies	Storage	Rogers Shelving, Industrial	125,22	2	0	37,56	17,1	High
21388	13440	ES-2012-5307098	2/6/12	2/8/12	Second Class	JL-15505	Jeremy Lonsdale	Consumer	Vigo	Galicia	Spain		EU	South	OFF-PA-10000876	Office Supplies	Paper	Eaton Computer Printout Paper, Multicolor	111,84	4	0	16,68	11,08	Medium
24189	39122	CA-2012-127327	2/3/12	2/7/12	Standard Class	PW-19030	Pauline Webber	Corporate	Rome	New York	United States	13440.0	US	East	FUR-CH-10004218	Furniture	Chairs	Global Fabric Manager's Chair, Dark Gray	90,882	1	0,1	15,147	8,76	High
32565	47083	NI-2012-2990	9/7/12	9/10/12	First Class	PA-9060	Pete Armstrong	Home Office	Owo	Ondo	Nigeria		Africa	Africa	OFF-SME-10000520	Office Supplies	Storage	Smead Shelving, Wire Frame	28,8	2	0,7	-23,04	4,44	Critical
22170	8111	MX-2013-131842	3/19/13	3/23/13	Standard Class	MS-17830	Melanie Seite	Consumer	Santa Ana	Santa Ana	El Salvador		LATAM	Central	TEC-PH-10004404	Technology	Phones	Samsung Headset, VoIP	146,58	3	0	51,3	10,396	Medium
18018	40402	CA-2012-163181	11/7/12	11/12/12	Standard Class	AB-10105	Adrian Barton	Consumer	Houston	Texas	United States	77041.0	US	Central	OFF-ST-10000129	Office Supplies	Storage	Fellowes Recycled Storage Drawers	177,648	2	0,2	-28,8678	14,93	Medium
1093	38114	CA-2011-144414	6/17/11	6/21/11	Standard Class	GH-14425	Gary Hwang	Consumer	Seattle	Washington	United States	98105.0	US	West	OFF-BI-10004995	Office Supplies	Binders	GBC DocuBind P400 Electric Binding System	3266,376	3	0,2	1061,5722	193,2	Medium
43298	38125	CA-2013-118689	10/3/13	10/10/13	Standard Class	TC-20980	Tamara Chand	Corporate	Lafayette	Indiana	United States	47905.0	US	Central	OFF-BI-10003712	Office Supplies	Binders	"Acco Pressboard Covers with Storage Hooks, 14 7/8"" x 11"", Light Blue"	34,37	7	0	16,8413	1,55	Medium
32262	23415	IN-2014-54547	2/14/14	2/19/14	Standard Class	TB-21400	Tom Boeckenhauer	Consumer	Manila	National Capital	Philippines		APAC	Southeast Asia	OFF-AR-10000539	Office Supplies	Art	Boston Markers, Easy-Erase	87,912	6	0,45	-60,768	4,55	Medium
10660	12719	ES-2014-1726240	4/7/14	4/11/14	Standard Class	KW-16435	Katrina Willman	Consumer	Nuremberg	Bavaria	Germany		EU	Central	OFF-ST-10002902	Office Supplies	Storage	Fellowes Shelving, Blue	260,28	5	0,1	78,03	30,51	Medium
46604	32633	US-2014-123281	4/3/14	4/8/14	Standard Class	JF-15190	Jamie Frazer	Consumer	Los Angeles	California	United States	90008.0	US	West	FUR-FU-10003724	Furniture	Furnishings	Westinghouse Clip-On Gooseneck Lamps	25,11	3	0	6,5286	0,96	Medium
28584	23028	IN-2014-61260	8/19/14	8/24/14	Standard Class	SC-20680	Steve Carroll	Home Office	Chengdu	Sichuan	China		APAC	North Asia	OFF-LA-10004430	Office Supplies	Labels	Avery Shipping Labels, Laser Printer Compatible	59,25	5	0	27,75	6,17	Medium
41383	38255	CA-2012-167255	9/27/12	9/29/12	Second Class	RH-19510	Rick Huthwaite	Home Office	San Francisco	California	United States	94110.0	US	West	OFF-ST-10001328	Office Supplies	Storage	Personal Filing Tote with Lid, Black/Gray	15,51	1	0	4,3428	1,95	High
8001	35930	CA-2012-130456	8/21/12	8/26/12	Standard Class	DS-13180	David Smith	Corporate	San Francisco	California	United States	94122.0	US	West	FUR-BO-10003893	Furniture	Bookcases	Sauder Camden County Collection Library	586,398	6	0,15	34,494	42,37	Medium
37515	24660	ID-2013-36501	9/21/13	9/26/13	Standard Class	DF-13135	David Flashing	Consumer	Melbourne	Victoria	Australia		APAC	Oceania	OFF-AR-10003684	Office Supplies	Art	BIC Sketch Pad, Fluorescent	44,928	1	0,1	12,978	2,86	Medium
35240	18183	IT-2014-1866474	11/3/14	11/7/14	Standard Class	MV-18190	Mike Vittorini	Consumer	Amsterdam	North Holland	Netherlands		EU	Central	OFF-LA-10002029	Office Supplies	Labels	Hon Round Labels, 5000 Label Set	42,3	12	0,5	-15,3	3,51	Medium
25084	48883	HU-2011-1220	1/1/11	1/5/11	Second Class	AT-735	Annie Thurman	Consumer	Budapest	Budapest	Hungary		EMEA	EMEA	OFF-TEN-10001585	Office Supplies	Storage	Tenex Box, Single Width	66,12	4	0	29,64	8,17	High
50218	49226	ZI-2012-180	6/4/12	6/8/12	Standard Class	RB-9570	Rob Beeghly	Consumer	Bulawayo	Bulawayo	Zimbabwe		Africa	Africa	OFF-ACC-10004871	Office Supplies	Binders	Acco Binder Covers, Economy	3,996	1	0,7	-3,864	0,33	High
34488	49664	RS-2014-5130	2/17/14	2/22/14	Standard Class	SH-10635	Stefanie Holloman	Corporate	Sterlitamak	Bashkortostan	Russia		EMEA	EMEA	OFF-ENE-10001356	Office Supplies	Paper	Enermax Cards & Envelopes, Multicolor	48,51	1	0	6,78	3,75	Medium
36103	38172	US-2013-121013	9/6/13	9/11/13	Standard Class	MM-17920	Michael Moore	Consumer	Chesapeake	Virginia	United States	23320.0	US	South	OFF-LA-10004545	Office Supplies	Labels	Avery 50	25,06	2	0	11,7782	3,26	High
6969	23293	IN-2014-75029	1/22/14	1/24/14	First Class	SE-20110	Sanjit Engle	Consumer	Singapore	Singapore	Singapore		APAC	Southeast Asia	FUR-CH-10002250	Furniture	Chairs	Office Star Executive Leather Armchair, Black	467,43	1	0	219,69	49,06	Medium
24417	10774	ES-2012-1211442	11/2/12	11/6/12	Second Class	SW-20275	Scott Williamson	Consumer	Marseille	Provence-Alpes-Côte d'Azur	France		EU	Central	OFF-FA-10000179	Office Supplies	Fasteners	Advantus Paper Clips, Metal	80,28	6	0	19,26	8,6	Medium
33731	41393	TU-2013-1960	9/2/13	9/7/13	Standard Class	LD-7005	Lisa DeCherney	Consumer	Bursa	Bursa	Turkey		EMEA	EMEA	TEC-SAN-10001899	Technology	Accessories	SanDisk Keyboard, Erganomic	31,716	1	0,6	-37,284	4,01	Medium
3515	38772	CA-2011-167199	1/7/11	1/11/11	Standard Class	ME-17320	Maria Etezadi	Home Office	Henderson	Kentucky	United States	42420.0	US	South	OFF-BI-10004632	Office Supplies	Binders	Ibico Hi-Tech Manual Binding System	609,98	2	0	274,491	88,07	High
17844	29284	IN-2014-71998	7/27/14	7/29/14	First Class	AR-10345	Alex Russell	Corporate	Amritsar	Punjab	India		APAC	Central Asia	OFF-AR-10000720	Office Supplies	Art	Binney & Smith Markers, Fluorescent	50,7	2	0	10,14	15,16	High
48079	8501	US-2014-152989	11/26/14	12/1/14	Standard Class	BD-11770	Bryan Davis	Consumer	Barquisimeto	Lara	Venezuela		LATAM	South	OFF-BI-10001275	Office Supplies	Binders	Avery Index Tab, Durable	5,352	2	0,4	-1,288	0,714	High
17874	46322	CG-2013-5380	4/11/13	4/13/13	Second Class	ML-7755	Max Ludwig	Home Office	Kinshasa	Kinshasa	Democratic Republic of the Congo		Africa	Africa	OFF-AVE-10003740	Office Supplies	Binders	Avery Binding Machine, Clear	96,6	2	0	11,58	15,12	High
8700	23438	IN-2014-76282	9/6/14	9/11/14	Second Class	KW-16570	Kelly Williams	Consumer	Chongqing	Chongqing	China		APAC	North Asia	OFF-AP-10001916	Office Supplies	Appliances	Breville Blender, Black	358,68	4	0	14,28	38,67	Medium
6184	24830	ID-2014-13695	2/11/14	2/15/14	Standard Class	HK-14890	Heather Kirkland	Corporate	Darwin	Northern Territory	Australia		APAC	Oceania	FUR-TA-10004484	Furniture	Tables	Barricks Wood Table, Adjustable Height	363,384	1	0,3	-98,646	54,76	High
39589	41900	IR-2011-6850	8/5/11	8/10/11	Standard Class	SC-10380	Shahid Collister	Consumer	Qom	Qom	Iran		EMEA	EMEA	OFF-CAM-10002611	Office Supplies	Envelopes	Cameo Interoffice Envelope, Recycled	46,23	1	0	19,41	2,34	Medium
12183	49118	IZ-2013-2720	12/25/13	12/29/13	Second Class	GM-4500	Gene McClure	Consumer	Baghdad	Baghdad	Iraq		EMEA	EMEA	OFF-SME-10003530	Office Supplies	Storage	Smead Lockers, Wire Frame	197,49	1	0	17,76	26,12	High
6056	29854	IN-2012-38657	11/5/12	11/6/12	First Class	RM-19375	Raymond Messe	Consumer	Bangkok	Bangkok	Thailand		APAC	Southeast Asia	FUR-CH-10002510	Furniture	Chairs	Office Star Steel Folding Chair, Adjustable	343,83	5	0,27	89,43	55,8	Medium
27550	6127	MX-2013-106516	11/6/13	11/10/13	Standard Class	JG-15115	Jack Garza	Consumer	Mérida	Yucatán	Mexico		LATAM	North	OFF-BI-10003373	Office Supplies	Binders	Wilson Jones Binding Machine, Economy	163,2	5	0	45,6	6,698	Medium
34360	14986	ES-2011-4141275	12/3/11	12/8/11	Standard Class	NL-18310	Nancy Lomonaco	Home Office	Grenoble	Rhône-Alpes	France		EU	Central	OFF-ST-10004035	Office Supplies	Storage	Rogers Box, Wire Frame	41,472	2	0,1	0,912000000000001	3,79	Medium
28884	8537	US-2011-129161	3/21/11	3/23/11	Second Class	MS-17980	Michael Stewart	Corporate	Carrefour	Ouest	Haiti		LATAM	Caribbean	FUR-CH-10004478	Furniture	Chairs	Hon Steel Folding Chair, Adjustable	100,692	3	0,4	-35,268	6,013	Medium
2284	13234	IT-2014-3396005	8/8/14	8/13/14	Standard Class	JS-15880	John Stevenson	Consumer	Bilbao	Basque Country	Spain		EU	South	FUR-CH-10000969	Furniture	Chairs	Hon Executive Leather Armchair, Red	1102,536	3	0,2	-275,634	122,67	Medium
36507	24622	IN-2012-17888	9/19/12	9/21/12	First Class	TP-21565	Tracy Poddar	Corporate	Guilin	Guangxi	China		APAC	North Asia	OFF-FA-10000248	Office Supplies	Fasteners	Stockwell Rubber Bands, Assorted Sizes	27,96	2	0	13,98	3,14	Medium
23141	32375	CA-2014-132521	9/24/14	9/26/14	Second Class	DW-13540	Don Weiss	Consumer	Seattle	Washington	United States	98105.0	US	West	OFF-ST-10001325	Office Supplies	Storage	Sterilite Officeware Hinged File Box	31,44	3	0	8,4888	9,57	Critical
4079	27639	IN-2011-30306	3/8/11	3/13/11	Standard Class	SC-20680	Steve Carroll	Home Office	Phnom Penh	Phnom Penh	Cambodia		APAC	Southeast Asia	FUR-TA-10001786	Furniture	Tables	Chromcraft Computer Table, with Bottom Storage	1330,29	3	0	292,59	78,66	Medium
4569	17220	ES-2011-4665208	12/10/11	12/13/11	First Class	BP-11185	Ben Peterman	Corporate	London	England	United Kingdom		EU	North	FUR-BO-10003028	Furniture	Bookcases	Sauder 3-Shelf Cabinet, Mobile	304,56	2	0,1	104,88	72,05	Critical
41745	23640	IN-2011-75540	6/2/11	6/7/11	Standard Class	AT-10435	Alyssa Tate	Home Office	Jakarta	Jakarta	Indonesia		APAC	Southeast Asia	OFF-ST-10000016	Office Supplies	Storage	Eldon Folders, Blue	28,1868	2	0,17	4,7268	1,87	Medium
16204	42277	NI-2011-9710	6/23/11	6/25/11	First Class	AG-525	Andy Gerbode	Corporate	Kano	Kano	Nigeria		Africa	Africa	TEC-OKI-10004464	Technology	Machines	Okidata Printer, Red	79,695	1	0,7	-183,315	17,6	High
47545	16024	ES-2014-2296898	12/3/14	12/5/14	Second Class	SJ-20215	Sarah Jordon	Consumer	Harrow	England	United Kingdom		EU	North	OFF-PA-10001212	Office Supplies	Paper	Xerox Message Books, Recycled	20,28	1	0	6,27	0,8	Medium
92	19195	ES-2013-3467296	12/2/13	12/2/13	Same Day	NZ-18565	Nick Zandusky	Home Office	Paris	Ile-de-France	France		EU	Central	OFF-AP-10002552	Office Supplies	Appliances	Hamilton Beach Stove, White	2432,16	5	0,1	513,36	546,9	Critical
38473	38389	CA-2012-119480	1/9/12	1/13/12	Standard Class	CC-12685	Craig Carroll	Consumer	Henderson	Kentucky	United States	42420.0	US	South	OFF-AR-10004691	Office Supplies	Art	Boston 1730 StandUp Electric Pencil Sharpener	42,76	2	0	11,1176	2,61	Medium
5919	22391	IN-2013-14472	8/19/13	8/23/13	Standard Class	RA-19285	Ralph Arnett	Consumer	Matsubara	Oita	Japan		APAC	North Asia	FUR-BO-10001147	Furniture	Bookcases	Bush Floating Shelf Set, Metal	512,19	3	0	133,11	57,08	Medium
8431	30668	ID-2012-84591	10/1/12	10/3/12	First Class	BS-11590	Brendan Sweed	Corporate	Auckland	Auckland	New Zealand		APAC	Oceania	OFF-AP-10003850	Office Supplies	Appliances	Hoover Blender, White	235,008	4	0,4	-86,232	40,02	High
24847	13680	ES-2011-2075610	8/18/11	8/22/11	Standard Class	LM-17065	Liz MacKendrick	Consumer	Munich	Bavaria	Germany		EU	Central	TEC-PH-10004263	Technology	Phones	Cisco Signal Booster, with Caller ID	303,66	2	0	75,9	8,31	Medium
16699	29443	ID-2011-22172	6/29/11	7/1/11	First Class	FP-14320	Frank Preis	Consumer	Kupang	Nusa Tenggara Timur	Indonesia		APAC	Southeast Asia	OFF-AP-10001670	Office Supplies	Appliances	Hoover Coffee Grinder, White	166,6557	3	0,17	-26,1243	16,78	Medium
2474	26455	IN-2011-33589	3/25/11	3/26/11	First Class	GG-14650	Greg Guthrie	Corporate	Shanghai	Shanghai	China		APAC	North Asia	TEC-PH-10004261	Technology	Phones	Nokia Signal Booster, Full Size	413,37	3	0	115,74	114,66	Critical
17794	11643	ES-2011-3666932	1/19/11	1/20/11	First Class	MA-17560	Matt Abelman	Home Office	Trapani	Sicily	Italy		EU	South	OFF-ST-10000988	Office Supplies	Storage	Fellowes Folders, Blue	47,52	3	0,4	7,92	15,23	Critical
30243	2610	MX-2014-142069	1/16/14	1/22/14	Standard Class	SK-19990	Sally Knutson	Consumer	Petapa	Guatemala	Guatemala		LATAM	Central	OFF-EN-10003623	Office Supplies	Envelopes	GlobeWeis Interoffice Envelope, Set of 50	63,76	2	0	12,72	5,382	Medium
31865	18330	ES-2013-1032140	3/11/13	3/16/13	Standard Class	KM-16720	Kunst Miller	Consumer	Vienna	Vienna	Austria		EU	Central	OFF-AR-10004881	Office Supplies	Art	Stanley Sketch Pad, Blue	133,29	3	0	43,92	4,7	Medium
20837	28393	IN-2013-56031	6/25/13	6/29/13	Standard Class	MT-17815	Meg Tillman	Consumer	Sydney	New South Wales	Australia		APAC	Oceania	FUR-CH-10004339	Furniture	Chairs	SAFCO Steel Folding Chair, Red	154,278	2	0,1	17,118	11,63	Medium
44702	41673	IR-2013-8670	6/30/13	7/5/13	Standard Class	BD-1620	Brian DeCherney	Consumer	Mashhad	Razavi Khorasan	Iran		EMEA	EMEA	OFF-ADV-10004241	Office Supplies	Fasteners	Advantus Thumb Tacks, 12 Pack	26,04	2	0	1,02	1,29	Medium
9486	23946	IN-2012-40547	11/29/12	11/30/12	First Class	GT-14710	Greg Tran	Consumer	Adelaide	South Australia	Australia		APAC	Oceania	FUR-CH-10000187	Furniture	Chairs	Hon Chairmat, Red	249,885	5	0,1	41,535	34,92	High
18453	46731	SG-2014-3780	6/12/14	6/16/14	Standard Class	TS-11655	Trudy Schmidt	Consumer	Dakar	Dakar	Senegal		Africa	Africa	TEC-MOT-10001196	Technology	Phones	Motorola Audio Dock, Cordless	176,22	1	0	45,81	14,32	Medium
34533	35289	CA-2012-161998	5/1/12	5/5/12	Standard Class	DB-13120	David Bremer	Corporate	Tampa	Florida	United States	33614.0	US	South	OFF-SU-10004261	Office Supplies	Supplies	"Fiskars 8"" Scissors, 2/Pack"	41,376	3	0,2	4,65479999999999	3,73	Medium
13709	42482	SG-2011-6280	4/22/11	4/23/11	First Class	CD-1980	Carol Darley	Consumer	Dakar	Dakar	Senegal		Africa	Africa	OFF-FEL-10000998	Office Supplies	Storage	Fellowes Box, Single Width	78,84	4	0	4,68	22,35	Critical
44590	46959	IR-2011-7930	10/31/11	11/4/11	Second Class	RE-9450	Richard Eichhorn	Consumer	Arak	Markazi	Iran		EMEA	EMEA	OFF-IBI-10002486	Office Supplies	Binders	Ibico Index Tab, Clear	8,91	1	0	1,59	1,31	High
6983	38347	CA-2013-165330	12/12/13	12/12/13	Same Day	WB-21850	William Brown	Consumer	Anaheim	California	United States	92804.0	US	West	OFF-BI-10004593	Office Supplies	Binders	Ibico Laser Imprintable Binding System Covers	209,6	5	0,2	68,12	48,96	Critical
37581	50107	TZ-2014-8110	7/9/14	7/13/14	Standard Class	JE-5610	Jim Epp	Corporate	Mwanza	Mwanza	Tanzania		Africa	Africa	OFF-SME-10003805	Office Supplies	Labels	Smead Color Coded Labels, Adjustable	43,8	4	0	9,6	2,85	High
30347	28695	IN-2014-12358	11/20/14	11/24/14	Standard Class	KW-16435	Katrina Willman	Consumer	Melbourne	Victoria	Australia		APAC	Oceania	OFF-PA-10004475	Office Supplies	Paper	Xerox Computer Printout Paper, 8.5 x 11	82,296	3	0,1	15,516	5,34	Medium
3585	10372	ES-2011-4932761	5/18/11	5/24/11	Standard Class	SO-20335	Sean O'Donnell	Consumer	Vienna	Vienna	Austria		EU	Central	FUR-CH-10003362	Furniture	Chairs	Office Star Swivel Stool, Adjustable	1058,58	6	0	105,84	86,92	Low
33820	1457	MX-2011-164322	4/22/11	4/28/11	Standard Class	SO-20335	Sean O'Donnell	Consumer	Camagüey	Camagüey	Cuba		LATAM	Caribbean	OFF-BI-10000816	Office Supplies	Binders	Ibico 3-Hole Punch, Recycled	41,08	2	0	13,96	3,977	Medium
14746	21568	IN-2012-46042	10/22/12	10/26/12	Standard Class	KM-16225	Kalyca Meade	Corporate	Lanzhou	Gansu	China		APAC	North Asia	FUR-CH-10002944	Furniture	Chairs	Office Star Steel Folding Chair, Black	446,4	5	0	26,7	20,17	Medium
15187	31156	IN-2012-80447	12/31/12	1/2/13	Second Class	KN-16390	Katherine Nockton	Corporate	Cessnock	New South Wales	Australia		APAC	Oceania	OFF-AR-10000603	Office Supplies	Art	Boston Highlighters, Water Color	88,2	4	0	6,96	19,39	Critical
21699	23439	IN-2013-34268	3/4/13	3/9/13	Standard Class	LC-16870	Lena Cacioppo	Consumer	Jodhpur	Rajasthan	India		APAC	Central Asia	FUR-BO-10002510	Furniture	Bookcases	Bush 3-Shelf Cabinet, Mobile	291,78	2	0	37,92	10,82	Medium
26488	5235	US-2012-124009	6/23/12	6/24/12	First Class	DB-12910	Daniel Byrd	Home Office	Choluteca	Choluteca	Honduras		LATAM	Central	OFF-EN-10001755	Office Supplies	Envelopes	Ames Interoffice Envelope, Set of 50	18,048	1	0,4	-2,112	7,292	Critical
38241	37537	US-2013-131912	10/30/13	11/2/13	Second Class	LH-17155	Logan Haushalter	Consumer	Los Angeles	California	United States	90008.0	US	West	OFF-BI-10004236	Office Supplies	Binders	"XtraLife ClearVue Slant-D Ring Binder, White, 3"""	11,744	1	0,2	3,8168	2,67	Critical
17258	23610	ID-2011-62142	5/9/11	5/13/11	Standard Class	JL-15175	James Lanier	Home Office	Bangkok	Bangkok	Thailand		APAC	Southeast Asia	FUR-CH-10003354	Furniture	Chairs	Novimex Bag Chairs, Black	158,8845	5	0,27	-56,6655	15,97	Medium
20264	39256	CA-2014-131807	10/6/14	10/11/14	Standard Class	GG-14650	Greg Guthrie	Corporate	Chico	California	United States	95928.0	US	West	FUR-TA-10004086	Furniture	Tables	KI Adjustable-Height Table	206,352	3	0,2	5,15879999999999	12,23	Medium
42052	19570	IT-2014-2224336	10/10/14	10/14/14	Standard Class	TS-21340	Toby Swindell	Consumer	Birmingham	England	United Kingdom		EU	North	OFF-FA-10000999	Office Supplies	Fasteners	OIC Thumb Tacks, 12 Pack	13,5	2	0,5	-2,7	1,8	High
7589	22742	IN-2013-24790	6/26/13	6/30/13	Standard Class	AS-10630	Ann Steele	Home Office	Sydney	New South Wales	Australia		APAC	Oceania	TEC-CO-10000972	Technology	Copiers	Sharp Fax and Copier, Digital	302,832	2	0,1	121,092	44,67	High
30999	11292	ES-2014-4329629	2/17/14	2/21/14	Second Class	MV-17485	Mark Van Huff	Consumer	Tourcoing	Nord-Pas-de-Calais	France		EU	Central	OFF-AR-10001482	Office Supplies	Art	Stanley Markers, Easy-Erase	44,94	2	0	0	5,06	High
11665	21432	IN-2013-10489	5/30/13	6/1/13	First Class	GH-14485	Gene Hale	Corporate	Baguio City	Cordillera	Philippines		APAC	Southeast Asia	FUR-BO-10001501	Furniture	Bookcases	Bush Classic Bookcase, Metal	535,782	2	0,35	65,922	27,53	Medium
33205	45267	CG-2014-5570	5/28/14	6/1/14	Standard Class	JB-6000	Joy Bell-	Consumer	Kisangani	Orientale	Democratic Republic of the Congo		Africa	Africa	OFF-KLE-10002118	Office Supplies	Supplies	Kleencut Ruler, Serrated	41,04	4	0	10,2	4,2	High
8900	19669	ES-2012-2854342	9/27/12	10/3/12	Standard Class	SN-20710	Steve Nguyen	Home Office	Pontault-Combault	Ile-de-France	France		EU	Central	FUR-CH-10001237	Furniture	Chairs	Hon Swivel Stool, Black	435,294	3	0,1	86,994	37,7	Medium
35540	4856	MX-2011-107748	11/7/11	11/12/11	Second Class	TC-21145	Theresa Coyne	Corporate	Mexico City	Distrito Federal	Mexico		LATAM	North	OFF-AR-10001192	Office Supplies	Art	Binney & Smith Canvas, Fluorescent	35,08	1	0	12,62	3,426	Medium
22217	30447	IN-2013-82505	6/11/13	6/14/13	Second Class	NC-18625	Noah Childs	Corporate	Wellington	Wellington	New Zealand		APAC	Oceania	OFF-BI-10003633	Office Supplies	Binders	Avery Binding Machine, Economy	97,68	2	0	13,62	10,36	Medium
24501	16261	ES-2014-1876230	3/4/14	3/9/14	Standard Class	JF-15565	Jill Fjeld	Consumer	Odense	South Denmark	Denmark		EU	North	OFF-AP-10000172	Office Supplies	Appliances	Cuisinart Toaster, Silver	81,315	3	0,5	-43,965	8,55	Medium
11471	20554	ID-2013-73069	9/17/13	9/17/13	Same Day	JF-15565	Jill Fjeld	Consumer	Melbourne	Victoria	Australia		APAC	Oceania	TEC-PH-10003823	Technology	Phones	Apple Headset, Full Size	201,285	3	0,1	64,845	28,09	Medium
31895	33094	US-2014-139465	8/28/14	8/31/14	First Class	MR-17545	Mathew Reese	Home Office	New York City	New York	United States	10024.0	US	East	OFF-BI-10003910	Office Supplies	Binders	DXL Angle-View Binders with Locking Rings by Samsill	37,008	6	0,2	11,565	4,69	High
10603	12792	ES-2014-2214786	1/3/14	1/7/14	Standard Class	RC-19825	Roy Collins	Consumer	Bezons	Ile-de-France	France		EU	Central	FUR-FU-10004954	Furniture	Furnishings	Tenex Clock, Duo Pack	402,48	8	0	152,88	30,69	High
8008	44094	PL-2012-7530	11/20/12	11/20/12	Same Day	MC-7845	Michael Chen	Consumer	Katowice	Silesia	Poland		EMEA	EMEA	TEC-CAN-10001378	Technology	Copiers	Canon Personal Copier, High-Speed	281,88	2	0	76,08	42,3	High
8936	18293	IT-2014-1036058	9/11/14	9/16/14	Standard Class	VM-21835	Vivian Mathis	Consumer	Friedberg	Hesse	Germany		EU	Central	OFF-ST-10000922	Office Supplies	Storage	Eldon File Cart, Blue	342,792	3	0,1	-30,528	37,56	High
9119	39697	CA-2012-110814	12/5/12	12/9/12	Second Class	BD-11635	Brian Derr	Consumer	New York City	New York	United States	10009.0	US	East	OFF-BI-10002026	Office Supplies	Binders	Avery Arch Ring Binders	232,4	5	0,2	78,435	36,67	Medium
47138	13913	ES-2013-4408752	8/5/13	8/10/13	Standard Class	AC-10420	Alyssa Crouse	Corporate	Valladolid	Castile and León	Spain		EU	South	OFF-BI-10001723	Office Supplies	Binders	Avery Binder, Clear	12,36	1	0	1,23	0,87	Medium
35138	25417	IN-2013-26029	12/20/13	12/20/13	Same Day	KH-16510	Keith Herrera	Consumer	Ludhiana	Punjab	India		APAC	Central Asia	FUR-FU-10004464	Furniture	Furnishings	Deflect-O Clock, Durable	142,02	3	0	2,79	3,54	Medium
25025	7419	MX-2014-123981	5/8/14	5/15/14	Standard Class	BT-11305	Beth Thompson	Home Office	Carrefour	Ouest	Haiti		LATAM	Caribbean	TEC-MA-10003998	Technology	Machines	Epson Card Printer, Wireless	101,97	3	0,7	-234,57	8,2	Medium
21696	14583	ES-2014-4710352	4/28/14	4/30/14	Second Class	KB-16405	Katrina Bavinger	Home Office	Paris	Ile-de-France	France		EU	Central	OFF-BI-10002986	Office Supplies	Binders	Avery Binder Covers, Recycled	137,16	12	0	49,32	10,82	Medium
41132	41556	SA-2013-7790	7/6/13	7/12/13	Standard Class	RF-9345	Randy Ferguson	Corporate	Riyadh	Ar Riyad	Saudi Arabia		EMEA	EMEA	OFF-STI-10002716	Office Supplies	Supplies	Stiletto Box Cutter, Serrated	32,67	1	0	15	2	Low
48858	41149	CA-2013-158155	5/3/13	5/7/13	Standard Class	EH-13765	Edward Hooks	Corporate	New York City	New York	United States	10009.0	US	East	OFF-PA-10000533	Office Supplies	Paper	Southworth Parchment Paper & Envelopes	13,08	2	0	6,0168	0,58	Medium
31810	9423	MX-2014-112305	10/31/14	11/6/14	Standard Class	CK-12325	Christine Kargatis	Home Office	Santa Cruz de Barahona	Barahona	Dominican Republic		LATAM	Caribbean	OFF-BI-10004177	Office Supplies	Binders	Wilson Jones 3-Hole Punch, Durable	47,184	3	0,2	13,524	4,723	Medium
7431	35602	CA-2011-162278	10/26/11	10/30/11	Second Class	AH-10585	Angele Hood	Consumer	Seattle	Washington	United States	98105.0	US	West	TEC-PH-10000526	Technology	Phones	Vtech CS6719	383,96	5	0,2	38,396	45,79	Medium
17321	26143	IN-2012-40820	5/24/12	5/28/12	Standard Class	JJ-15760	Joel Jenkins	Home Office	Korla	Xinjiang Uygur	China		APAC	North Asia	OFF-AR-10001386	Office Supplies	Art	Sanford Sketch Pad, Easy-Erase	228,75	5	0	107,4	15,9	Medium
21943	33374	CA-2014-140676	9/13/14	9/16/14	First Class	BF-11080	Bart Folk	Consumer	Baltimore	Maryland	United States	21215.0	US	East	OFF-AP-10000358	Office Supplies	Appliances	Fellowes Basic Home/Office Series Surge Protectors	90,86	7	0	26,3494	10,61	Medium
45651	32055	CA-2014-117240	7/24/14	7/29/14	Standard Class	CP-12340	Christine Phan	Corporate	New York City	New York	United States	10009.0	US	East	OFF-BI-10000848	Office Supplies	Binders	Angle-D Ring Binders	13,128	3	0,2	4,2666	1,12	Medium
11871	20903	IN-2011-33253	9/7/11	9/9/11	First Class	PB-19210	Phillip Breyer	Corporate	Geelong	Victoria	Australia		APAC	Oceania	OFF-BI-10004589	Office Supplies	Binders	Avery Binding Machine, Economy	131,868	3	0,1	5,778	26,95	High
22499	32960	CA-2013-128531	11/25/13	11/27/13	Second Class	NS-18505	Neola Schneider	Consumer	Dallas	Texas	United States	75217.0	US	Central	OFF-ST-10001325	Office Supplies	Storage	Sterilite Officeware Hinged File Box	41,92	5	0,2	3,668	10,11	Critical
20390	30222	ID-2014-29655	6/26/14	7/1/14	Standard Class	MM-17260	Magdelene Morse	Consumer	Kuala Lumpur	Kuala Lumpur	Malaysia		APAC	Southeast Asia	TEC-AC-10002884	Technology	Accessories	Belkin Keyboard, USB	252,27	3	0	93,33	12,1	Medium
4739	28360	IN-2014-73594	5/27/14	5/31/14	Second Class	FM-14215	Filia McAdams	Corporate	Seremban	Negeri Sembilan	Malaysia		APAC	Southeast Asia	FUR-BO-10002277	Furniture	Bookcases	Bush Floating Shelf Set, Mobile	521,37	3	0	26,01	69,81	Medium
44825	5811	US-2012-154550	12/20/12	12/25/12	Standard Class	KD-16270	Karen Daniels	Consumer	Tegucigalpa	Francisco Morazán	Honduras		LATAM	Central	OFF-LA-10002068	Office Supplies	Labels	Smead Removable Labels, Adjustable	13,068	3	0,4	-1,572	1,262	High
1607	2859	MX-2014-109057	9/19/14	9/21/14	Second Class	MA-17560	Matt Abelman	Home Office	Quevedo	Los Rios	Ecuador		LATAM	South	TEC-CO-10003212	Technology	Copiers	HP Copy Machine, High-Speed	972,81048	6	0,002	36,93048	154,074	Medium
4360	30056	ID-2013-78452	1/31/13	2/5/13	Standard Class	KB-16315	Karl Braun	Consumer	Ho Chi Minh City	Ho Chí Minh City	Vietnam		APAC	Southeast Asia	OFF-ST-10003837	Office Supplies	Storage	Tenex Lockers, Single Width	677,8776	4	0,17	-24,6024	74,71	Medium
21169	43084	KE-2014-4330	1/6/14	1/10/14	Standard Class	PL-8925	Paul Lucas	Home Office	Nairobi	Nairobi	Kenya		Africa	Africa	OFF-AME-10004759	Office Supplies	Envelopes	Ames Manila Envelope, with clear poly window	169,38	6	0	72,72	11,27	Medium
20250	27506	IN-2011-15270	1/26/11	1/31/11	Standard Class	CA-12265	Christina Anderson	Consumer	Semarang	Jawa Tengah	Indonesia		APAC	Southeast Asia	OFF-ST-10004365	Office Supplies	Storage	Fellowes Shelving, Wire Frame	141,7059	3	0,17	51,1659	12,24	Medium
3237	6073	MX-2011-148033	5/24/11	5/28/11	Standard Class	CR-12625	Corey Roper	Home Office	São Paulo	São Paulo	Brazil		LATAM	South	TEC-PH-10000106	Technology	Phones	Apple Smart Phone, Full Size	850	2	0	119	94,056	Medium
84	18241	ES-2013-1434123	1/29/13	2/5/13	Standard Class	JB-16000	Joy Bell-	Consumer	Krefeld	North Rhine-Westphalia	Germany		EU	Central	TEC-PH-10004327	Technology	Phones	Motorola Smart Phone, Full Size	3219,9	5	0	965,85	564,25	Low
1367	19429	ES-2014-5275437	12/11/14	12/11/14	Same Day	NF-18385	Natalie Fritzler	Consumer	Sheffield	England	United Kingdom		EU	North	TEC-CO-10003800	Technology	Copiers	Hewlett Wireless Fax, Color	1144,89	6	0,5	-686,97	170,11	High
39488	14140	ES-2014-2445603	8/14/14	8/18/14	Standard Class	BM-11785	Bryan Mills	Consumer	Menton	Provence-Alpes-Côte d'Azur	France		EU	Central	OFF-PA-10002352	Office Supplies	Paper	Eaton Parchment Paper, Premium	26,94	2	0	4,56	2,36	Medium
5184	7957	MX-2012-126473	11/2/12	11/6/12	Second Class	DP-13390	Dennis Pardue	Home Office	Santiago	Santiago	Chile		LATAM	South	FUR-CH-10004194	Furniture	Chairs	Harbour Creations Steel Folding Chair, Set of Two	467,32	7	0	219,52	64,356	Medium
17577	13634	ES-2011-3470557	11/28/11	12/3/11	Standard Class	PF-19225	Phillip Flathmann	Consumer	Oslo	Oslo	Norway		EU	North	OFF-SU-10001592	Office Supplies	Supplies	Kleencut Letter Opener, Easy Grip	243,54	9	0	68,04	15,54	Medium
51055	32904	US-2013-115819	4/20/13	4/25/13	Second Class	JO-15280	Jas O'Carroll	Consumer	Los Angeles	California	United States	90049.0	US	West	OFF-BI-10000050	Office Supplies	Binders	Angle-D Binders with Locking Rings, Label Holders	5,84	1	0,2	1,971	0,13	Medium
15948	38097	CA-2013-109827	12/26/13	1/2/14	Standard Class	LW-16825	Laurel Workman	Corporate	Phoenix	Arizona	United States	85023.0	US	West	TEC-MA-10003356	Technology	Machines	Panasonic KX MC6040 Color Laser Multifunction Printer	269,97	2	0,7	-386,957	18,05	Medium
13473	26992	IN-2012-26652	8/25/12	8/27/12	First Class	HJ-14875	Heather Jas	Home Office	Katoomba	New South Wales	Australia		APAC	Oceania	OFF-ST-10003547	Office Supplies	Storage	Smead Shelving, Blue	176,148	4	0,1	66,468	22,88	High
5186	50801	MO-2013-860	1/16/13	1/22/13	Standard Class	BN-1470	Brad Norvell	Corporate	Rabat	Rabat-Salé-Zemmour-Zaer	Morocco		Africa	Africa	FUR-HON-10001343	Furniture	Tables	Hon Coffee Table, Fully Assembled	634,74	2	0	215,76	64,35	Medium
35345	22565	IN-2012-55821	6/6/12	6/7/12	First Class	BF-11215	Benjamin Farhat	Home Office	Lanzhou	Gansu	China		APAC	North Asia	OFF-FA-10003745	Office Supplies	Fasteners	Accos Rubber Bands, Metal	16,8	1	0	5,37	3,48	High
35550	25559	IN-2014-31370	5/21/14	5/25/14	Standard Class	JM-15865	John Murray	Consumer	Baoding	Hebei	China		APAC	North Asia	FUR-FU-10000783	Furniture	Furnishings	Advantus Light Bulb, Durable	51,3	3	0	13,32	3,42	Medium
35233	2018	MX-2013-163237	10/30/13	11/6/13	Standard Class	CS-11860	Cari Schnelling	Consumer	Petapa	Guatemala	Guatemala		LATAM	Central	OFF-AP-10002753	Office Supplies	Appliances	Cuisinart Toaster, Red	71,28	2	0	4,96	3,51	Medium
15001	16330	ES-2014-2624465	4/6/14	4/10/14	Standard Class	TR-21325	Toby Ritter	Consumer	Clichy	Ile-de-France	France		EU	Central	OFF-BI-10002172	Office Supplies	Binders	Acco Binding Machine, Recycled	205,8	4	0	51,36	19,73	Medium
50964	35132	CA-2011-100363	4/8/11	4/15/11	Standard Class	JM-15655	Jim Mitchum	Corporate	Glendale	Arizona	United States	85301.0	US	West	OFF-FA-10000611	Office Supplies	Fasteners	Binder Clips by OIC	2,368	2	0,2	0,8288	0,16	Medium
5596	15495	IT-2011-3202706	7/27/11	7/29/11	First Class	EM-14095	Eudokia Martin	Corporate	Genoa	Liguria	Italy		EU	South	TEC-PH-10002564	Technology	Phones	Motorola Signal Booster, Full Size	173,304	2	0,4	-69,336	60,08	High
893	50607	BN-2011-2460	9/21/11	9/26/11	Standard Class	DO-3435	Denny Ordway	Consumer	Porto-Novo	Ouémé	Benin		Africa	Africa	TEC-NOK-10004278	Technology	Phones	Nokia Signal Booster, Full Size	1377,9	10	0	289,2	214,97	High
23444	35950	CA-2014-132647	2/18/14	2/24/14	Standard Class	GH-14410	Gary Hansen	Home Office	Perth Amboy	New Jersey	United States	8861.0	US	East	OFF-ST-10003123	Office Supplies	Storage	Fellowes Bases and Tops For Staxonsteel/High-Stak Systems	166,45	5	0	39,948	9,34	Medium
37253	31085	ID-2014-83415	11/4/14	11/9/14	Second Class	DL-12925	Daniel Lacy	Consumer	Warrnambool	Victoria	Australia		APAC	Oceania	OFF-BI-10001049	Office Supplies	Binders	Ibico Index Tab, Clear	21,384	4	0,4	-13,296	2,94	Medium
34167	35708	CA-2011-130624	6/21/11	6/24/11	First Class	TB-21280	Toby Braunhardt	Consumer	New York City	New York	United States	10024.0	US	East	OFF-PA-10003883	Office Supplies	Paper	"Message Book, Phone, Wirebound Standard Line Memo, 2 3/4"" X 5"""	19,65	3	0	9,039	3,86	High
24836	43798	IR-2011-2750	11/4/11	11/8/11	Standard Class	HG-5025	Hunter Glantz	Consumer	Abadan	Khuzestan	Iran		EMEA	EMEA	OFF-AVE-10004251	Office Supplies	Binders	Avery Binding Machine, Economy	97,68	2	0	11,7	8,32	Medium
40990	48198	TZ-2014-2680	5/29/14	5/31/14	Second Class	TB-11175	Thomas Boland	Corporate	Shinyanga	Shinyanga	Tanzania		Africa	Africa	OFF-BIN-10000837	Office Supplies	Art	Binney & Smith Markers, Easy-Erase	48,72	2	0	19,44	2,03	Medium
18143	16163	IT-2014-5563463	12/4/14	12/11/14	Standard Class	AB-10105	Adrian Barton	Consumer	Dublin	Dublin	Ireland		EU	North	OFF-ST-10002172	Office Supplies	Storage	Fellowes Trays, Blue	143,475	5	0,5	-123,525	14,75	Medium
28176	47348	SA-2011-1980	3/7/11	3/11/11	Standard Class	MG-7695	Maureen Gnade	Consumer	Mecca	Makkah	Saudi Arabia		EMEA	EMEA	TEC-MOT-10002260	Technology	Phones	Motorola Office Telephone, Cordless	74,61	1	0	19,38	6,38	High
2935	41259	CA-2012-168088	3/19/12	3/22/12	First Class	CM-12655	Corinna Mitchell	Home Office	Houston	Texas	United States	77041.0	US	Central	FUR-BO-10004218	Furniture	Bookcases	Bush Heritage Pine Collection 5-Shelf Bookcase, Albany Pine Finish, *Special Order	383,4656	4	0,32	-67,6704	101,49	Critical
37404	6757	MX-2013-156286	12/16/13	12/18/13	Second Class	DH-13075	Dave Hallsten	Corporate	Masaya	Masaya	Nicaragua		LATAM	Central	OFF-FA-10004258	Office Supplies	Fasteners	OIC Thumb Tacks, Bulk Pack	28,14	3	0	12,06	2,894	High
21724	14546	ES-2014-2785519	12/18/14	12/24/14	Standard Class	LA-16780	Laura Armstrong	Corporate	Berlin	Berlin	Germany		EU	Central	OFF-AR-10002094	Office Supplies	Art	Boston Pencil Sharpener, Water Color	131,49	5	0,1	4,29	10,8	Medium
34420	15329	ES-2012-2523254	11/23/12	11/29/12	Standard Class	KH-16330	Katharine Harms	Corporate	Clermont-Ferrand	Auvergne	France		EU	Central	TEC-AC-10000170	Technology	Accessories	Memorex Keyboard, Programmable	72,84	1	0	30,57	3,77	Medium
12084	45939	KZ-2014-1400	9/1/14	9/4/14	First Class	PK-8910	Paul Knutson	Home Office	Qostanay	Qostanay	Kazakhstan		EMEA	EMEA	FUR-NOV-10002655	Furniture	Chairs	Novimex Swivel Stool, Adjustable	100,17	2	0,7	-207,03	26,36	Medium
49345	35828	CA-2013-118759	11/15/13	11/18/13	First Class	MB-17305	Maria Bertelson	Consumer	New York City	New York	United States	10009.0	US	East	OFF-ST-10001590	Office Supplies	Storage	Tenex Personal Project File with Scoop Front Design, Black	40,44	3	0	10,5144	0,49	Medium
40184	21423	ID-2014-71081	9/17/14	9/22/14	Standard Class	MG-17695	Maureen Gnade	Consumer	Canberra	Australian Capital Territory	Australia		APAC	Oceania	FUR-CH-10002412	Furniture	Chairs	Hon Bag Chairs, Black	51,264	2	0,4	-33,336	2,2	High
33384	28160	IN-2011-60063	8/30/11	9/3/11	Standard Class	TS-21610	Troy Staebel	Consumer	Coimbatore	Tamil Nadu	India		APAC	Central Asia	OFF-BI-10003340	Office Supplies	Binders	Acco Index Tab, Durable	26,82	3	0	6,12	4,13	High
31017	50508	SA-2012-2120	5/11/12	5/16/12	Standard Class	GP-4740	Guy Phonely	Corporate	Jeddah	Makkah	Saudi Arabia		EMEA	EMEA	OFF-BIN-10000170	Office Supplies	Art	Binney & Smith Pencil Sharpener, Fluorescent	53,34	2	0	2,1	5,06	Medium
45661	38076	US-2013-147711	9/4/13	9/9/13	Second Class	HF-14995	Herbert Flentye	Consumer	Baltimore	Maryland	United States	21215.0	US	East	FUR-FU-10002364	Furniture	Furnishings	Eldon Expressions Wood Desk Accessories, Oak	14,76	2	0	4,2804	1,12	Medium
39830	15761	ES-2014-3129163	9/8/14	9/13/14	Second Class	LO-17170	Lori Olson	Corporate	Sindelfingen	Baden-Württemberg	Germany		EU	Central	OFF-ST-10002608	Office Supplies	Storage	Eldon Box, Industrial	28,998	3	0,1	8,658	2,28	Medium
24951	13493	ES-2012-4741068	4/24/12	4/29/12	Standard Class	MV-18190	Mike Vittorini	Consumer	Dorsten	North Rhine-Westphalia	Germany		EU	Central	OFF-ST-10001646	Office Supplies	Storage	Fellowes Box, Wire Frame	84,375	5	0,1	33,675	8,24	Medium
19368	38224	CA-2013-140382	6/24/13	6/26/13	Second Class	RD-19900	Ruben Dartt	Consumer	San Francisco	California	United States	94109.0	US	West	OFF-ST-10003638	Office Supplies	Storage	Mobile Personal File Cube	93,68	4	0	25,2936	13,19	High
20278	18432	IT-2014-2597250	11/28/14	12/3/14	Standard Class	DW-13540	Don Weiss	Consumer	Granada	Andalusía	Spain		EU	South	OFF-SU-10002785	Office Supplies	Supplies	Fiskars Trimmer, Serrated	117	3	0	14,04	12,21	High
16792	24390	IN-2011-51523	12/9/11	12/15/11	Standard Class	HF-14995	Herbert Flentye	Consumer	Denpasar	Bali	Indonesia		APAC	Southeast Asia	FUR-BO-10002510	Furniture	Bookcases	Bush 3-Shelf Cabinet, Mobile	271,3554	2	0,07	17,4954	16,64	Medium
29722	17694	ES-2014-1197792	1/27/14	1/29/14	First Class	LC-16930	Linda Cazamias	Corporate	London	England	United Kingdom		EU	North	OFF-EN-10000274	Office Supplies	Envelopes	Kraft Business Envelopes, Recycled	109,728	8	0,1	24,288	5,61	Medium
42055	22254	IN-2011-47883	1/1/11	1/8/11	Standard Class	JH-15985	Joseph Holt	Consumer	Wagga Wagga	New South Wales	Australia		APAC	Oceania	OFF-PA-10001968	Office Supplies	Paper	Eaton Computer Printout Paper, 8.5 x 11	55,242	2	0,1	15,342	1,8	Medium
45556	40599	US-2012-163433	4/18/12	4/22/12	Second Class	MP-17965	Michael Paige	Corporate	Mcallen	Texas	United States	78501.0	US	Central	OFF-AR-10003481	Office Supplies	Art	Newell 348	7,872	3	0,2	0,885599999999999	1,14	High
11096	50940	NI-2014-890	3/19/14	3/23/14	Standard Class	TS-11505	Tony Sayre	Consumer	Kano	Kano	Nigeria		Africa	Africa	FUR-HAR-10002873	Furniture	Chairs	Harbour Creations Executive Leather Armchair, Adjustable	571,32	4	0,7	-571,32	29,17	Medium
8923	13563	IT-2013-5843979	11/9/13	11/16/13	Standard Class	HF-14995	Herbert Flentye	Consumer	Birmingham	England	United Kingdom		EU	North	OFF-ST-10004191	Office Supplies	Storage	Tenex Lockers, Blue	408,3	4	0,5	-196,02	37,61	Medium
18980	19668	ES-2012-2854342	9/27/12	10/3/12	Standard Class	SN-20710	Steve Nguyen	Home Office	Pontault-Combault	Ile-de-France	France		EU	Central	OFF-AR-10004519	Office Supplies	Art	Boston Canvas, Fluorescent	164,7	3	0	29,61	13,67	Medium
20383	12933	ES-2011-5338028	12/28/11	1/1/12	Second Class	MH-18115	Mick Hernandez	Home Office	Turin	Piedmont	Italy		EU	South	OFF-BI-10003899	Office Supplies	Binders	Avery 3-Hole Punch, Recycled	197,61	7	0	0	12,1	Medium
47368	46032	BK-2014-2410	2/12/14	2/12/14	Same Day	PG-8820	Patrick Gardner	Consumer	Sarajevo	Federation of Bosnia and Herzegovina	Bosnia and Herzegovina		EMEA	EMEA	OFF-SAN-10002020	Office Supplies	Paper	SanDisk Parchment Paper, Multicolor	36,24	2	0	7,2	0,84	Medium
24550	35472	CA-2012-154340	11/29/12	11/30/12	First Class	EK-13795	Eileen Kiefer	Home Office	Santa Ana	California	United States	92704.0	US	West	OFF-AR-10003582	Office Supplies	Art	Boston Electric Pencil Sharpener, Model 1818, Charcoal Black	56,3	2	0	15,764	8,52	High
23780	7495	US-2014-142706	9/27/14	10/2/14	Standard Class	SM-20950	Suzanne McNair	Corporate	Tepic	Nayarit	Mexico		LATAM	North	OFF-ST-10003184	Office Supplies	Storage	Eldon Trays, Wire Frame	94,08	3	0	18,78	9,078	Medium
37796	13322	ES-2014-5425236	1/21/14	1/26/14	Standard Class	TG-21310	Toby Gnade	Consumer	Roissy-en-Brie	Ile-de-France	France		EU	Central	FUR-CH-10003062	Furniture	Chairs	Novimex Chairmat, Red	101,412	2	0,1	22,512	2,79	Medium
13824	20957	IN-2011-49234	9/2/11	9/7/11	Standard Class	BM-11575	Brendan Murry	Corporate	Ningbo	Zhejiang	China		APAC	North Asia	TEC-AC-10003861	Technology	Accessories	Enermax Keyboard, Erganomic	243,81	3	0	26,73	22,09	Medium
39010	45614	MO-2013-8630	11/23/13	11/23/13	Same Day	AB-255	Alejandro Ballentine	Home Office	Casablanca	Grand Casablanca	Morocco		Africa	Africa	OFF-GRE-10004604	Office Supplies	Paper	Green Bar Cards & Envelopes, 8.5 x 11	52,53	1	0	9,45	2,48	Medium
38209	44130	SF-2014-6380	2/25/14	3/2/14	Standard Class	ML-7755	Max Ludwig	Home Office	Soweto	Gauteng	South Africa		Africa	Africa	OFF-AME-10001179	Office Supplies	Envelopes	Ames Mailers, Set of 50	35,85	1	0	5,01	2,68	High
4099	24452	ID-2011-20604	6/3/11	6/4/11	First Class	RF-19345	Randy Ferguson	Corporate	Jiangyan	Jiangsu	China		APAC	North Asia	FUR-TA-10001494	Furniture	Tables	Lesro Wood Table, Adjustable Height	986,202	3	0,3	-408,618	78,44	Medium
37912	13783	ES-2014-4434983	11/14/14	11/18/14	Standard Class	ON-18715	Odella Nelson	Corporate	Elda	Valenciana	Spain		EU	South	OFF-PA-10003875	Office Supplies	Paper	Enermax Memo Slips, Multicolor	34,14	2	0	16,02	2,76	Medium
38649	38815	US-2014-167920	12/10/14	12/13/14	Second Class	JL-15835	John Lee	Consumer	Richmond	Kentucky	United States	40475.0	US	South	OFF-ST-10004963	Office Supplies	Storage	Eldon Gobal File Keepers	15,14	1	0	0,605599999999999	2,57	High
25937	30366	IN-2012-80027	2/4/12	2/7/12	First Class	EB-13975	Erica Bern	Corporate	Auckland	Auckland	New Zealand		APAC	Oceania	TEC-AC-10000588	Technology	Accessories	SanDisk Flash Drive, Bluetooth	94,896	4	0,4	7,89599999999999	7,62	Medium
11596	2776	MX-2013-159100	9/12/13	9/18/13	Standard Class	SE-20110	Sanjit Engle	Consumer	Orizaba	Veracruz	Mexico		LATAM	North	TEC-CO-10000915	Technology	Copiers	Hewlett Ink, High-Speed	195,44832	2	0,002	17,20832	27,735	Medium
40522	39878	CA-2011-130673	5/20/11	5/22/11	Second Class	MC-17590	Matt Collister	Corporate	San Marcos	Texas	United States	78666.0	US	Central	OFF-PA-10000289	Office Supplies	Paper	Xerox 213	10,368	2	0,2	3,6288	2,13	High
24978	33424	CA-2012-134859	10/4/12	10/9/12	Standard Class	JK-16120	Julie Kriz	Home Office	Philadelphia	Pennsylvania	United States	19134.0	US	East	FUR-FU-10003623	Furniture	Furnishings	DataProducts Ampli Magnifier Task Lamp, Black,	64,944	3	0,2	6,4944	8,23	High
3562	20044	ES-2013-3575875	7/25/13	7/30/13	Standard Class	PS-19045	Penelope Sewall	Home Office	Lyon	Rhône-Alpes	France		EU	Central	FUR-CH-10000479	Furniture	Chairs	Harbour Creations Executive Leather Armchair, Adjustable	1272,186	3	0,1	551,196	87,26	Medium
47003	7555	MX-2014-164602	4/16/14	4/20/14	Standard Class	LP-17080	Liz Pelletier	Consumer	São Paulo	São Paulo	Brazil		LATAM	South	OFF-LA-10000116	Office Supplies	Labels	Harbour Creations File Folder Labels, Adjustable	13,26	3	0	6,36	0,895	Medium
36832	49175	EG-2014-3640	10/6/14	10/8/14	Second Class	RD-9660	Robert Dilbeck	Home Office	Al Mahallah al Kubra	Al Gharbiyah	Egypt		Africa	Africa	TEC-KON-10001017	Technology	Machines	Konica Receipt Printer, White	120,66	1	0	41,01	3,06	High
11064	32685	US-2013-108504	2/5/13	2/5/13	Same Day	PP-18955	Paul Prost	Home Office	Smyrna	Georgia	United States	30080.0	US	South	TEC-PH-10000215	Technology	Phones	Plantronics Cordless Phone Headset with In-line Volume - M214C	104,85	3	0	28,3095	29,3	Critical
8464	28384	ID-2011-17174	3/23/11	3/28/11	Standard Class	DH-13075	Dave Hallsten	Corporate	Manila	National Capital	Philippines		APAC	Southeast Asia	TEC-CO-10004981	Technology	Copiers	Canon Copy Machine, High-Speed	507,663	3	0,35	-78,1469999999999	39,84	Medium
2461	9108	MX-2012-113474	11/29/12	12/5/12	Standard Class	TS-21430	Tom Stivers	Corporate	Villa Nueva	Guatemala	Guatemala		LATAM	Central	OFF-AP-10002536	Office Supplies	Appliances	Hoover Refrigerator, White	699,2	2	0	104,88	115,321	Low
5496	15008	ES-2013-2514403	3/1/13	3/4/13	First Class	PO-19180	Philisse Overcash	Home Office	Karlsruhe	Baden-Württemberg	Germany		EU	Central	FUR-BO-10004254	Furniture	Bookcases	Ikea Classic Bookcase, Traditional	370,575	1	0,1	115,275	60,91	Medium
33631	24508	IN-2013-60049	7/30/13	8/3/13	Standard Class	VT-21700	Valerie Takahito	Home Office	Raipur	Chhattisgarh	India		APAC	Central Asia	OFF-LA-10000219	Office Supplies	Labels	Harbour Creations File Folder Labels, Adjustable	46,41	7	0	3,99	4,04	Medium
545	47985	MO-2012-100	8/27/12	8/31/12	Standard Class	AJ-960	Astrea Jones	Consumer	Casablanca	Grand Casablanca	Morocco		Africa	Africa	TEC-SAM-10004785	Technology	Phones	Samsung Smart Phone, with Caller ID	2544,6	4	0	1246,8	279,11	High
14345	34802	CA-2011-166863	6/20/11	6/24/11	Standard Class	SC-20020	Sam Craven	Consumer	Plano	Texas	United States	75023.0	US	Central	TEC-PH-10000369	Technology	Phones	HTC One Mini	201,584	2	0,2	20,1584	21	High
48671	51248	MO-2013-5330	6/22/13	6/27/13	Second Class	PO-9195	Phillina Ober	Home Office	Casablanca	Grand Casablanca	Morocco		Africa	Africa	OFF-WIL-10003774	Office Supplies	Binders	Wilson Jones Index Tab, Economy	6,45	1	0	1,65	0,62	Medium
44642	41483	NI-2014-3610	4/9/14	4/14/14	Standard Class	FH-4350	Fred Harton	Consumer	Aba	Abia	Nigeria		Africa	Africa	FUR-ADV-10004223	Furniture	Furnishings	Advantus Clock, Black	15,417	1	0,7	-21,093	1,3	Medium
30308	13369	IT-2014-5237848	12/4/14	12/6/14	Second Class	FO-14305	Frank Olsen	Consumer	Reggio nell'Emilia	Emilia-Romagna	Italy		EU	South	FUR-CH-10003848	Furniture	Chairs	Office Star Rocking Chair, Adjustable	172,08	3	0,6	-103,32	5,35	Medium
32492	32880	CA-2012-131338	8/9/12	8/12/12	First Class	NP-18325	Naresj Patel	Consumer	New York City	New York	United States	10024.0	US	East	FUR-FU-10002157	Furniture	Furnishings	Artistic Insta-Plaque	47,04	3	0	18,3456	4,47	Medium
47984	31941	US-2014-127719	7/22/14	7/26/14	Standard Class	TW-21025	Tamara Willingham	Home Office	Plainfield	New Jersey	United States	7060.0	US	East	OFF-PA-10001934	Office Supplies	Paper	Xerox 1993	6,48	1	0	3,1752	0,73	Medium
14826	10827	ES-2014-5374606	7/30/14	7/31/14	First Class	BM-11650	Brian Moss	Corporate	Seville	Andalusía	Spain		EU	South	FUR-BO-10004547	Furniture	Bookcases	Bush Stackable Bookrack, Traditional	245,94	2	0	61,44	20,03	High
12299	34117	CA-2013-160500	5/6/13	5/9/13	First Class	DM-13015	Darrin Martin	Consumer	Encinitas	California	United States	92024.0	US	West	FUR-TA-10003748	Furniture	Tables	Bevis 36 x 72 Conference Tables	298,776	3	0,2	7,46939999999999	25,78	High
26276	1488	MX-2014-169348	11/20/14	11/27/14	Standard Class	LW-17125	Liz Willingham	Consumer	Managua	Managua	Nicaragua		LATAM	Central	FUR-FU-10001317	Furniture	Furnishings	Eldon Photo Frame, Erganomic	113,46	3	0	22,68	7,416	Medium
48889	25546	ID-2013-36312	11/18/13	11/24/13	Standard Class	BP-11290	Beth Paige	Consumer	Bangkok	Bangkok	Thailand		APAC	Southeast Asia	OFF-FA-10002058	Office Supplies	Fasteners	Stockwell Thumb Tacks, Assorted Sizes	5,6127	1	0,47	-2,7573	0,57	Medium
12960	36635	CA-2012-146486	11/9/12	11/14/12	Second Class	DV-13465	Dianna Vittorini	Consumer	Oceanside	New York	United States	11572.0	US	East	OFF-ST-10002554	Office Supplies	Storage	Tennsco Industrial Shelving	244,55	5	0	4,89100000000001	24,12	High
14995	19225	ES-2012-3465586	11/12/12	11/16/12	Standard Class	JB-16045	Julia Barnett	Home Office	Ravenna	Emilia-Romagna	Italy		EU	South	OFF-AR-10002783	Office Supplies	Art	Stanley Pencil Sharpener, Water Color	175,35	7	0	10,5	19,74	High
23637	49856	AG-2012-4060	3/19/12	3/21/12	First Class	LM-7065	Liz MacKendrick	Consumer	Annaba	Annaba	Algeria		Africa	Africa	FUR-BAR-10000831	Furniture	Tables	Barricks Training Table, Fully Assembled	319,77	1	0	121,5	9,19	Medium
7122	45335	IR-2013-3940	10/29/13	10/31/13	Second Class	JS-5940	Joni Sundaresam	Home Office	Mashhad	Razavi Khorasan	Iran		EMEA	EMEA	TEC-CIS-10001938	Technology	Phones	Cisco Audio Dock, VoIP	364,32	2	0	142,08	47,97	Critical
6277	1734	MX-2011-144183	9/12/11	9/19/11	Standard Class	JS-15685	Jim Sink	Corporate	Chinandega	Chinandega	Nicaragua		LATAM	Central	FUR-CH-10000836	Furniture	Chairs	SAFCO Swivel Stool, Adjustable	681,72	6	0	20,4	54,05	Medium
7944	26727	ID-2013-25742	1/28/13	1/30/13	First Class	SC-20695	Steve Chapman	Corporate	Manila	National Capital	Philippines		APAC	Southeast Asia	TEC-PH-10001921	Technology	Phones	Nokia Signal Booster, with Caller ID	204,75	2	0,25	-38,25	42,74	High
45348	4102	MX-2012-113201	9/13/12	9/17/12	Standard Class	KB-16405	Katrina Bavinger	Home Office	Arapiraca	Alagoas	Brazil		LATAM	South	OFF-BI-10002715	Office Supplies	Binders	Avery Index Tab, Clear	12,66	3	0	0,72	1,17	High
15976	28661	IN-2013-37929	9/20/13	9/22/13	Second Class	BW-11110	Bart Watters	Corporate	Newcastle	New South Wales	Australia		APAC	Oceania	OFF-AR-10003046	Office Supplies	Art	Sanford Sketch Pad, Fluorescent	84,132	2	0,1	18,672	17,97	Critical
22203	18045	ES-2014-1572368	8/18/14	8/18/14	Same Day	AR-10510	Andrew Roberts	Consumer	Bagneux	Ile-de-France	France		EU	Central	OFF-BI-10003899	Office Supplies	Binders	Avery 3-Hole Punch, Recycled	84,69	3	0	0	10,37	High
438	20557	IN-2014-57837	9/19/14	9/21/14	Second Class	CS-12130	Chad Sievert	Consumer	Melbourne	Victoria	Australia		APAC	Oceania	FUR-BO-10001212	Furniture	Bookcases	Safco Classic Bookcase, Mobile	1586,412	4	0,1	17,532	307,98	High
28648	17195	ES-2012-4079399	11/22/12	11/24/12	First Class	JJ-15445	Jennifer Jackson	Consumer	Genk	Limburg	Belgium		EU	Central	OFF-PA-10004923	Office Supplies	Paper	Xerox Memo Slips, Multicolor	29,88	2	0	0,84	6,13	High
20827	24929	IN-2014-34723	8/23/14	8/28/14	Standard Class	XP-21865	Xylona Preis	Consumer	Gold Coast	Queensland	Australia		APAC	Oceania	TEC-PH-10004655	Technology	Phones	Apple Speaker Phone, Cordless	227,07	2	0,1	37,83	11,64	Medium
23269	49685	IR-2012-4630	1/10/12	1/14/12	Standard Class	VT-11700	Valerie Takahito	Home Office	Zanjan	Zanjan	Iran		EMEA	EMEA	OFF-JIF-10002621	Office Supplies	Envelopes	Jiffy Business Envelopes, Security-Tint	95,76	6	0	5,58	9,48	High
16200	31820	US-2013-139486	5/22/13	5/24/13	First Class	LH-17155	Logan Haushalter	Consumer	Los Angeles	California	United States	90032.0	US	West	TEC-PH-10003555	Technology	Phones	Motorola HK250 Universal Bluetooth Headset	55,176	3	0,2	-12,4146	17,61	High
14959	10207	US-2014-112249	4/1/14	4/1/14	Same Day	MW-18220	Mitch Webber	Consumer	Vassouras	Rio de Janeiro	Brazil		LATAM	South	OFF-EN-10001476	Office Supplies	Envelopes	Ames Interoffice Envelope, Set of 50	132,352	11	0,6	-89,4079999999999	19,818	High
12066	48231	IZ-2013-3270	11/22/13	11/28/13	Standard Class	AW-930	Arthur Wiediger	Home Office	Arbil	Arbil	Iraq		EMEA	EMEA	FUR-OFF-10002511	Furniture	Chairs	Office Star Steel Folding Chair, Black	357,12	4	0	0	26,43	Medium
50694	19599	ES-2014-2896926	4/18/14	4/25/14	Standard Class	JS-16030	Joy Smith	Consumer	Copenhagen	Hovedstaden	Denmark		EU	North	OFF-BI-10001119	Office Supplies	Binders	Wilson Jones Index Tab, Clear	2,955	1	0,5	-2,445	0,22	Medium
42316	17560	IT-2014-1985106	5/15/14	5/19/14	Second Class	MG-17695	Maureen Gnade	Consumer	Toulouse	Midi-Pyrénées	France		EU	Central	OFF-FA-10002752	Office Supplies	Fasteners	Advantus Push Pins, Bulk Pack	28,86	4	0,5	-23,7	1,75	Medium
47195	18863	ES-2014-2790834	9/16/14	9/22/14	Standard Class	KD-16270	Karen Daniels	Consumer	Argenteuil	Ile-de-France	France		EU	Central	OFF-BI-10003724	Office Supplies	Binders	Cardinal Index Tab, Economy	52,56	6	0	24,12	0,86	Medium
194	21670	IN-2014-56808	7/12/14	7/14/14	Second Class	AG-10330	Alex Grayson	Consumer	Jambi	Jambi	Indonesia		APAC	Southeast Asia	OFF-AP-10001956	Office Supplies	Appliances	Breville Refrigerator, Black	1722,2832	4	0,17	539,4432	430,04	Critical
33846	42854	RO-2011-7220	5/27/11	6/2/11	Standard Class	MG-8205	Mitch Gastineau	Corporate	Suceava	Suceava	Romania		EMEA	EMEA	FUR-TEN-10003349	Furniture	Furnishings	Tenex Photo Frame, Durable	48,87	1	0	16,59	3,97	Medium
34542	43281	NI-2011-8500	6/20/11	6/25/11	Standard Class	AS-630	Ann Steele	Home Office	Onitsha	Anambra	Nigeria		Africa	Africa	OFF-SME-10004370	Office Supplies	Storage	Smead File Cart, Blue	76,482	2	0,7	-175,938	3,73	Medium
46248	40502	CA-2013-146423	4/22/13	4/22/13	Same Day	BT-11680	Brian Thompson	Consumer	Milford	Connecticut	United States	6460.0	US	East	OFF-AR-10004817	Office Supplies	Art	Colorific Watercolor Pencils	15,48	3	0	4,4892	1,02	Medium
47832	40951	CA-2014-161893	1/24/14	1/28/14	Standard Class	HP-14815	Harold Pawlan	Home Office	Tucson	Arizona	United States	85705.0	US	West	OFF-BI-10004506	Office Supplies	Binders	Wilson Jones data.warehouse D-Ring Binders with DublLock	4,938	2	0,7	-3,6212	0,76	High
8581	6897	MX-2014-139346	11/15/14	11/20/14	Standard Class	EM-14140	Eugene Moren	Home Office	Managua	Managua	Nicaragua		LATAM	Central	FUR-BO-10002968	Furniture	Bookcases	Bush Library with Doors, Metal	727,56	3	0	116,4	39,286	Medium
21003	22560	IN-2012-72040	2/10/12	2/13/12	First Class	MA-17995	Michelle Arnett	Home Office	Medan	Sumatera Utara	Indonesia		APAC	Southeast Asia	OFF-ST-10001342	Office Supplies	Storage	Fellowes Trays, Blue	95,2674	2	0,17	30,9474	11,44	Medium
4278	18978	ES-2011-5680692	4/14/11	4/17/11	First Class	SW-20245	Scot Wooten	Consumer	Duisburg	North Rhine-Westphalia	Germany		EU	Central	OFF-ST-10003995	Office Supplies	Storage	Eldon File Cart, Single Width	575,64	5	0,1	51,09	75,87	High
25638	5156	MX-2013-164315	8/15/13	8/20/13	Standard Class	JD-15895	Jonathan Doherty	Corporate	Hermosillo	Sonora	Mexico		LATAM	North	OFF-AR-10000655	Office Supplies	Art	Stanley Sketch Pad, Blue	118,48	4	0	10,64	7,799	Medium
49377	524	MX-2012-151911	2/28/12	3/3/12	Standard Class	PG-18820	Patrick Gardner	Consumer	Apopa	San Salvador	El Salvador		LATAM	Central	OFF-LA-10002258	Office Supplies	Labels	Smead File Folder Labels, Adjustable	4,52	1	0	1,12	0,481	High
29617	436	MX-2013-116050	7/18/13	7/23/13	Standard Class	DR-12940	Daniel Raglin	Home Office	Apopa	San Salvador	El Salvador		LATAM	Central	FUR-CH-10001819	Furniture	Chairs	Office Star Chairmat, Set of Two	90,76	2	0	38,08	5,665	Medium
36374	8286	US-2014-122798	7/5/14	7/10/14	Standard Class	KD-16615	Ken Dana	Corporate	Puno	Puno	Peru		LATAM	South	FUR-FU-10000012	Furniture	Furnishings	Tenex Stacking Tray, Black	30,348	3	0,4	-9,132	3,18	High
48424	39791	CA-2012-109190	10/23/12	10/28/12	Standard Class	CC-12685	Craig Carroll	Consumer	Lubbock	Texas	United States	79424.0	US	Central	OFF-BI-10000977	Office Supplies	Binders	Ibico Plastic Spiral Binding Combs	6,08	1	0,8	-10,336	0,66	Medium
47538	7760	MX-2012-131499	11/12/12	11/18/12	Standard Class	LW-17125	Liz Willingham	Consumer	Guayaquil	Guayas	Ecuador		LATAM	South	OFF-PA-10002237	Office Supplies	Paper	Enermax Memo Slips, 8.5 x 11	13,2	1	0	6,32	0,804	Medium
5664	11178	ES-2014-4865613	12/13/14	12/20/14	Standard Class	DL-13315	Delfina Latchford	Consumer	Wuppertal	North Rhine-Westphalia	Germany		EU	Central	OFF-AR-10004881	Office Supplies	Art	Stanley Sketch Pad, Blue	311,01	7	0	102,48	59,45	Low
12150	28473	IN-2013-34135	9/17/13	9/23/13	Standard Class	AP-10720	Anne Pryor	Home Office	Shanghai	Shanghai	China		APAC	North Asia	FUR-CH-10004810	Furniture	Chairs	Hon Swivel Stool, Set of Two	497,7	3	0	104,49	26,2	Medium
18211	6051	US-2013-109344	3/11/13	3/14/13	First Class	AH-10210	Alan Hwang	Consumer	Presidencia Roque Sáenz Peña	Chaco	Argentina		LATAM	South	OFF-AR-10001678	Office Supplies	Art	Binney & Smith Sketch Pad, Easy-Erase	55,908	3	0,4	9,28799999999999	14,646	High
25314	256	MX-2012-100503	8/3/12	8/5/12	First Class	LB-16735	Larry Blacks	Consumer	Tepic	Nayarit	Mexico		LATAM	North	OFF-PA-10003475	Office Supplies	Paper	Enermax Note Cards, Premium	119,64	6	0	31,08	8,018	High
9359	1479	MX-2012-110394	6/6/12	6/11/12	Standard Class	CC-12475	Cindy Chapman	Consumer	Ixtapaluca	México	Mexico		LATAM	North	TEC-AC-10000244	Technology	Accessories	Memorex Router, USB	821,4	5	0	8,2	35,421	Medium
8929	26234	IN-2014-51635	1/22/14	1/22/14	Same Day	JK-15625	Jim Karlsson	Consumer	Jakarta	Jakarta	Indonesia		APAC	Southeast Asia	FUR-BO-10001679	Furniture	Bookcases	Ikea 3-Shelf Cabinet, Traditional	264,9384	2	0,07	99,6984	37,59	High
48020	8822	US-2012-133900	4/15/12	4/17/12	First Class	BB-10990	Barry Blumstein	Corporate	Santa Cruz de Barahona	Barahona	Dominican Republic		LATAM	Caribbean	OFF-LA-10004777	Office Supplies	Labels	Smead Shipping Labels, 5000 Label Set	12,8	2	0,2	1,76	0,724	High
32661	26857	IN-2014-63619	1/15/14	1/19/14	Standard Class	CC-12610	Corey Catlett	Corporate	Kanpur	Uttar Pradesh	India		APAC	Central Asia	OFF-LA-10000195	Office Supplies	Labels	Novimex File Folder Labels, Laser Printer Compatible	33	4	0	0,24	4,4	High
831	9121	MX-2014-120159	6/26/14	6/28/14	First Class	RK-19300	Ralph Kennedy	Consumer	Serra	Espírito Santo	Brazil		LATAM	South	FUR-TA-10003307	Furniture	Tables	Barricks Conference Table, Fully Assembled	1938,24	4	0,2	-96,96	223,805	Medium
14698	34408	CA-2013-121671	7/18/13	7/23/13	Standard Class	AA-10480	Andrew Allen	Consumer	Springfield	Missouri	United States	65807.0	US	Central	OFF-ST-10000078	Office Supplies	Storage	Tennsco 6- and 18-Compartment Lockers	265,17	1	0	47,7306	20,26	Medium
485	2006	MX-2013-147690	11/13/13	11/18/13	Standard Class	TS-21340	Toby Swindell	Consumer	Ribeirão Preto	São Paulo	Brazil		LATAM	South	TEC-PH-10002672	Technology	Phones	Cisco Smart Phone, Full Size	2171,3	5	0	390,8	294,971	High
36144	47516	LY-2014-4090	8/29/14	9/5/14	Standard Class	BK-1260	Berenike Kampe	Consumer	Misratah	Misratah	Libya		Africa	Africa	FUR-TEN-10002448	Furniture	Furnishings	Tenex Stacking Tray, Erganomic	89,04	4	0	39,96	3,25	Medium
26782	46624	NI-2013-1560	3/19/13	3/19/13	Same Day	BD-1560	Brendan Dodson	Home Office	Kano	Kano	Nigeria		Africa	Africa	TEC-CIS-10003103	Technology	Phones	Cisco Office Telephone, VoIP	96,66	4	0,7	-93,54	7,12	Medium
41145	1078	US-2013-144050	4/25/13	4/29/13	Standard Class	MC-17590	Matt Collister	Corporate	David	Chiriquí	Panama		LATAM	Central	FUR-FU-10003608	Furniture	Furnishings	Advantus Light Bulb, Black	40,14	5	0,4	-8,06	1,996	Medium
41067	27567	IN-2014-63479	5/24/14	5/24/14	Same Day	DW-13585	Dorothy Wardle	Corporate	Shanghai	Shanghai	China		APAC	North Asia	OFF-FA-10003626	Office Supplies	Fasteners	Advantus Rubber Bands, Assorted Sizes	14,04	1	0	5,88	2,01	High
1873	40695	CA-2011-125997	9/20/11	9/23/11	First Class	MW-18220	Mitch Webber	Consumer	New York City	New York	United States	10011.0	US	East	TEC-PH-10003072	Technology	Phones	Panasonic KX-TG9541B DECT 6.0 Digital 2-Line Expandable Cordless Phone With Digital Answering System	1349,91	9	0	661,4559	139,79	High
43618	39770	CA-2012-169733	10/22/12	10/26/12	Second Class	GM-14500	Gene McClure	Consumer	Hollywood	Florida	United States	33021.0	US	South	OFF-ST-10000876	Office Supplies	Storage	Eldon Simplefile Box Office	9,952	1	0,2	0,9952	1,49	High
41098	49894	SA-2014-2990	12/23/14	12/28/14	Second Class	ML-8265	Muhammed Lee	Consumer	Riyadh	Ar Riyad	Saudi Arabia		EMEA	EMEA	OFF-SME-10001149	Office Supplies	Storage	Smead Folders, Single Width	17,52	1	0	5,43	2,01	Medium
27842	7460	MX-2013-100265	7/12/13	7/17/13	Standard Class	MS-17980	Michael Stewart	Corporate	Campo Grande	Mato Grosso do Sul	Brazil		LATAM	South	TEC-PH-10001298	Technology	Phones	Motorola Office Telephone, VoIP	143,7	3	0	10,02	6,545	Medium
27304	46451	IZ-2011-770	11/18/11	11/24/11	Standard Class	BD-1620	Brian DeCherney	Consumer	Arbil	Arbil	Iraq		EMEA	EMEA	FUR-RUB-10002945	Furniture	Furnishings	Rubbermaid Photo Frame, Duo Pack	51,81	1	0	18,63	6,83	Low
45043	50982	AG-2014-2760	6/9/14	6/13/14	Standard Class	CL-2565	Clay Ludtke	Consumer	Saida	Saida	Algeria		Africa	Africa	OFF-SME-10000880	Office Supplies	Storage	Smead Box, Blue	10,77	1	0	0	1,23	High
3778	35839	CA-2014-113474	3/31/14	4/1/14	First Class	TM-21490	Tony Molinari	Consumer	Oklahoma City	Oklahoma	United States	73120.0	US	Central	OFF-EN-10004206	Office Supplies	Envelopes	Multimedia Mailers	325,86	2	0	149,8956	83,2	High
7209	15094	ES-2014-1237764	12/2/14	12/8/14	Standard Class	JL-15130	Jack Lebron	Consumer	Colmar	Alsace	France		EU	Central	TEC-MA-10000331	Technology	Machines	Okidata Printer, White	453,747	2	0,15	-74,793	47,35	Medium
42121	32265	CA-2014-135279	4/10/14	4/12/14	First Class	BS-11800	Bryan Spruell	Home Office	New York City	New York	United States	10011.0	US	East	OFF-LA-10001613	Office Supplies	Labels	Avery File Folder Labels	8,64	3	0	4,2336	1,79	High
5725	39715	CA-2014-118199	5/10/14	5/12/14	First Class	LB-16795	Laurel Beltran	Home Office	Seattle	Washington	United States	98105.0	US	West	FUR-TA-10004154	Furniture	Tables	Riverside Furniture Oval Coffee Table, Oval End Table, End Table with Drawer	286,85	1	0	63,107	58,79	High
1446	13409	ES-2014-4879051	6/12/14	6/13/14	First Class	MG-18205	Mitch Gastineau	Corporate	Namur	Namur	Belgium		EU	Central	FUR-BO-10003779	Furniture	Bookcases	Ikea Library with Doors, Traditional	726,78	2	0	319,74	164,64	High
19319	12658	ES-2014-2959093	8/28/14	9/2/14	Standard Class	CM-11935	Carlos Meador	Consumer	Hamm	North Rhine-Westphalia	Germany		EU	Central	OFF-AR-10000953	Office Supplies	Art	Stanley Pencil Sharpener, Easy-Erase	78,12	3	0	26,55	13,23	High
30696	25131	IN-2013-67014	11/8/13	11/13/13	Standard Class	JL-15235	Janet Lee	Consumer	Rajkot	Gujarat	India		APAC	Central Asia	OFF-SU-10003723	Office Supplies	Supplies	Elite Shears, High Speed	141,03	3	0	28,17	5,19	Medium
14922	23668	IN-2014-19120	3/20/14	3/23/14	Second Class	AW-10840	Anthony Witt	Consumer	Ganganagar	Rajasthan	India		APAC	Central Asia	TEC-AC-10004334	Technology	Accessories	Logitech Router, Erganomic	245,13	1	0	85,77	19,88	Medium
23965	2902	MX-2011-106117	9/23/11	9/26/11	First Class	LW-17215	Luke Weiss	Consumer	Villa Nueva	Guatemala	Guatemala		LATAM	Central	OFF-BI-10003903	Office Supplies	Binders	Cardinal Binder, Economy	46,1	5	0	22,5	8,939	High
50189	33819	CA-2013-124352	10/16/13	10/22/13	Standard Class	CD-12790	Cynthia Delaney	Home Office	Oklahoma City	Oklahoma	United States	73120.0	US	Central	TEC-PH-10003442	Technology	Phones	Samsung Replacement EH64AVFWE Premium Headset	5,5	1	0	1,375	0,33	Medium
41206	4137	MX-2012-121321	3/14/12	3/19/12	Second Class	MC-18130	Mike Caudle	Corporate	Villa Canales	Guatemala	Guatemala		LATAM	Central	OFF-PA-10004313	Office Supplies	Paper	Green Bar Computer Printout Paper, 8.5 x 11	45,2	2	0	6,32	1,98	Medium
27679	8290	MX-2011-135552	2/10/11	2/14/11	Standard Class	QJ-19255	Quincy Jones	Corporate	Monclova	Coahuila	Mexico		LATAM	North	OFF-SU-10004771	Office Supplies	Supplies	Elite Ruler, Easy Grip	41,12	4	0	16,4	6,629	High
38551	34461	CA-2011-153969	9/21/11	9/25/11	Standard Class	HF-14995	Herbert Flentye	Consumer	San Francisco	California	United States	94109.0	US	West	OFF-PA-10000327	Office Supplies	Paper	Xerox 1971	38,52	9	0	17,334	2,59	High
37660	16992	ES-2013-3713989	5/17/13	5/24/13	Standard Class	MS-17710	Maurice Satty	Consumer	Nice	Provence-Alpes-Côte d'Azur	France		EU	Central	OFF-PA-10004856	Office Supplies	Paper	Xerox Memo Slips, Recycled	40,32	3	0	6,03	2,82	Medium
23271	9025	MX-2012-101854	10/5/12	10/9/12	Standard Class	BN-11515	Bradley Nguyen	Consumer	Santiago de Cuba	Santiago de Cuba	Cuba		LATAM	Caribbean	OFF-ST-10001346	Office Supplies	Storage	Smead File Cart, Industrial	171,2	2	0	20,52	9,474	Medium
5102	644	MX-2014-120579	8/29/14	9/3/14	Second Class	SB-20185	Sarah Brown	Consumer	Uberaba	Minas Gerais	Brazil		LATAM	South	TEC-CO-10004171	Technology	Copiers	Sharp Fax and Copier, Digital	783,54976	7	0,002	312,44976	65,41	Medium
24790	35722	CA-2014-159464	5/19/14	5/20/14	First Class	TB-21355	Todd Boyes	Corporate	Sandy Springs	Georgia	United States	30328.0	US	South	OFF-BI-10000315	Office Supplies	Binders	Poly Designer Cover & Back	113,94	6	0	54,6912	8,35	High
25449	44004	SA-2014-9840	8/1/14	8/3/14	Second Class	JH-5985	Joseph Holt	Consumer	Riyadh	Ar Riyad	Saudi Arabia		EMEA	EMEA	OFF-ADV-10003050	Office Supplies	Fasteners	Advantus Rubber Bands, Bulk Pack	33,18	2	0	10,92	7,92	Critical
17381	15876	ES-2012-1233460	12/24/12	12/28/12	Standard Class	RA-19285	Ralph Arnett	Consumer	Getafe	Madrid	Spain		EU	South	OFF-ST-10001255	Office Supplies	Storage	Fellowes Trays, Single Width	258,39	5	0,1	114,84	15,79	Medium
44338	2061	US-2012-139675	10/27/12	11/3/12	Standard Class	EC-14050	Erin Creighton	Consumer	Mar del Plata	Provincia de Buenos Aires	Argentina		LATAM	South	OFF-FA-10003961	Office Supplies	Fasteners	Advantus Rubber Bands, Assorted Sizes	22,464	4	0,4	-0,415999999999997	1,351	Medium
14780	31726	US-2013-123750	4/16/13	4/22/13	Standard Class	RB-19795	Ross Baird	Home Office	Gastonia	North Carolina	United States	28052.0	US	South	OFF-BI-10004584	Office Supplies	Binders	GBC ProClick 150 Presentation Binding System	189,588	2	0,7	-145,3508	20,11	Low
1905	238	MX-2012-125234	9/14/12	9/19/12	Standard Class	LS-17245	Lynn Smith	Consumer	Tlalnepantla	México	Mexico		LATAM	North	OFF-AP-10004958	Office Supplies	Appliances	KitchenAid Stove, Black	2278,32	6	0	751,8	138,706	Medium
19203	17510	ES-2012-2826975	8/14/12	8/19/12	Standard Class	CD-12280	Christina DeMoss	Consumer	Helsinki	Uusimaa	Finland		EU	North	OFF-AR-10000980	Office Supplies	Art	Sanford Pencil Sharpener, Water Color	182,7	7	0	47,46	13,38	Medium
15279	15107	ES-2013-2807164	8/14/13	8/17/13	First Class	MO-17500	Mary O'Rourke	Consumer	Noisy-le-Sec	Ile-de-France	France		EU	Central	OFF-EN-10003448	Office Supplies	Envelopes	Cameo Clasp Envelope, Set of 50	57,06	6	0	4,5	19,21	High
21389	28294	IN-2012-66090	8/31/12	9/3/12	First Class	SH-20635	Stefanie Holloman	Corporate	Rajkot	Gujarat	India		APAC	Central Asia	OFF-AP-10000043	Office Supplies	Appliances	Cuisinart Toaster, Silver	108,42	2	0	43,32	11,08	Medium
1081	39933	CA-2011-160094	4/30/11	5/2/11	First Class	JM-16195	Justin MacKendrick	Consumer	Louisville	Kentucky	United States	40214.0	US	South	OFF-ST-10000585	Office Supplies	Storage	Economy Rollaway Files	826	5	0	214,76	194,34	Critical
46998	6042	US-2012-126487	12/21/12	12/26/12	Standard Class	GG-14650	Greg Guthrie	Corporate	Buenos Aires	Buenos Aires	Argentina		LATAM	South	OFF-FA-10002427	Office Supplies	Fasteners	Stockwell Push Pins, 12 Pack	16,092	3	0,4	-10,488	0,899	Medium
16440	10536	ES-2014-1308719	3/17/14	3/22/14	Standard Class	LC-16885	Lena Creighton	Consumer	Vigneux-sur-Seine	Ile-de-France	France		EU	Central	TEC-AC-10000827	Technology	Accessories	SanDisk Keyboard, Programmable	165,96	2	0	26,52	17,2	Medium
24908	29549	ID-2014-12491	5/6/14	5/6/14	Same Day	TB-21520	Tracy Blumstein	Consumer	Jakarta	Jakarta	Indonesia		APAC	Southeast Asia	FUR-FU-10000714	Furniture	Furnishings	Tenex Light Bulb, Black	69,0945	5	0,27	-11,4555	8,27	High
37594	22778	ID-2013-40708	10/17/13	10/21/13	Standard Class	KS-16300	Karen Seio	Corporate	Manila	National Capital	Philippines		APAC	Southeast Asia	OFF-BI-10001744	Office Supplies	Binders	Acco Binding Machine, Economy	43,4265	1	0,15	-2,0535	2,84	Medium
24285	154	US-2012-137526	7/6/12	7/13/12	Standard Class	LW-16990	Lindsay Williams	Corporate	Santiago de los Caballeros	Santiago	Dominican Republic		LATAM	Caribbean	OFF-BI-10003709	Office Supplies	Binders	Wilson Jones Binding Machine, Durable	80,736	3	0,2	-11,124	8,699	Low
15459	47243	ZA-2013-8130	9/4/13	9/10/13	Standard Class	JK-5730	Joe Kamberova	Consumer	Lusaka	Lusaka	Zambia		Africa	Africa	FUR-SAU-10004137	Furniture	Bookcases	Sauder Floating Shelf Set, Traditional	389,16	2	0	143,94	18,9	Medium
6676	42208	IS-2012-2100	6/28/12	7/2/12	Standard Class	LS-6945	Linda Southworth	Corporate	Hod HaSharon	Central	Israel		EMEA	EMEA	OFF-HAM-10001107	Office Supplies	Appliances	Hamilton Beach Refrigerator, Silver	500,88	1	0	55,08	51,28	Medium
6116	11305	ES-2011-5644297	8/11/11	8/13/11	First Class	GT-14755	Guy Thornton	Consumer	Bologna	Emilia-Romagna	Italy		EU	South	OFF-AR-10003066	Office Supplies	Art	Sanford Markers, Water Color	185,01	7	0	16,59	55,26	Critical
2395	22902	IN-2011-52209	4/8/11	4/13/11	Standard Class	VS-21820	Vivek Sundaresam	Consumer	Perth	Western Australia	Australia		APAC	Oceania	OFF-AP-10002104	Office Supplies	Appliances	Hoover Microwave, Red	1666,656	6	0,1	18,396	118,26	High
118	14070	IT-2011-1978668	2/16/11	2/19/11	Second Class	ON-18715	Odella Nelson	Corporate	Muret	Midi-Pyrénées	France		EU	Central	FUR-CH-10002203	Furniture	Chairs	SAFCO Executive Leather Armchair, Black	4544,1	11	0,1	1868,13	506,27	Medium
45376	42551	TZ-2013-6960	8/27/13	8/29/13	Second Class	JJ-5760	Joel Jenkins	Home Office	Dar es Salaam	Dar Es Salaam	Tanzania		Africa	Africa	OFF-AVE-10004708	Office Supplies	Binders	Avery Binder, Recycled	13,26	1	0	6,09	1,17	High
44609	17637	ES-2013-1265335	8/22/13	8/26/13	Standard Class	AG-10270	Alejandro Grove	Consumer	Vienna	Vienna	Austria		EU	Central	OFF-BI-10003708	Office Supplies	Binders	Cardinal Binder, Recycled	42,57	3	0	8,91	1,3	Medium
46704	10243	US-2014-109575	11/10/14	11/14/14	Standard Class	TT-21265	Tim Taslimi	Corporate	Jacobina	Bahia	Brazil		LATAM	South	OFF-AR-10002153	Office Supplies	Art	Sanford Pens, Fluorescent	16,48	5	0,6	-19,02	0,948	High
24464	23176	ID-2014-68099	2/4/14	2/7/14	First Class	MF-18250	Monica Federle	Corporate	Manila	National Capital	Philippines		APAC	Southeast Asia	OFF-AR-10000681	Office Supplies	Art	Binney & Smith Sketch Pad, Water Color	54,45	2	0,45	-30,69	8,57	Medium
39849	37420	CA-2012-142139	8/31/12	9/5/12	Standard Class	SD-20485	Shirley Daniels	Home Office	Bedford	Texas	United States	76021.0	US	Central	OFF-PA-10003883	Office Supplies	Paper	"Message Book, Phone, Wirebound Standard Line Memo, 2 3/4"" X 5"""	20,96	4	0,2	6,812	2,28	High
31359	45513	MG-2011-5690	6/29/11	7/6/11	Standard Class	PB-9150	Philip Brown	Consumer	Ulan Bator	Ulaanbaatar	Mongolia		EMEA	EMEA	OFF-BIN-10001621	Office Supplies	Art	Binney & Smith Canvas, Fluorescent	52,62	1	0	9,99	4,92	Medium
23097	20448	IN-2014-76058	3/13/14	3/15/14	First Class	FO-14305	Frank Olsen	Consumer	Suzhou	Gansu	China		APAC	North Asia	OFF-PA-10000302	Office Supplies	Paper	Eaton Computer Printout Paper, Multicolor	83,88	3	0	30,96	9,6	High
38206	40372	US-2012-136259	11/5/12	11/8/12	First Class	CB-12415	Christy Brittain	Consumer	Lakewood	Ohio	United States	44107.0	US	East	OFF-BI-10000773	Office Supplies	Binders	Insertable Tab Post Binder Dividers	7,218	3	0,7	-5,5338	2,68	Critical
35598	23838	IN-2014-46777	1/25/14	1/29/14	Standard Class	KD-16345	Katherine Ducich	Consumer	Surat	Gujarat	India		APAC	Central Asia	OFF-AR-10003774	Office Supplies	Art	Stanley Sketch Pad, Fluorescent	45,69	1	0	18,72	3,41	Medium
4051	17446	ES-2014-1274177	4/10/14	4/16/14	Standard Class	RP-19270	Rachel Payne	Corporate	Plymouth	England	United Kingdom		EU	North	FUR-BO-10002781	Furniture	Bookcases	Sauder Floating Shelf Set, Traditional	1167,48	6	0	431,82	78,94	Medium
34076	32716	CA-2012-124800	9/26/12	9/30/12	Standard Class	RW-19540	Rick Wilson	Corporate	Mesa	Arizona	United States	85204.0	US	West	OFF-PA-10000501	Office Supplies	Paper	Petty Cash Envelope	86,272	4	0,2	31,2736	3,89	Medium
2766	14260	ES-2014-1474425	9/16/14	9/22/14	Standard Class	AP-10720	Anne Pryor	Home Office	Chelmsford	England	United Kingdom		EU	North	TEC-AC-10001566	Technology	Accessories	Logitech Router, Erganomic	1715,91	7	0	308,7	105,62	Medium
28614	26290	IN-2011-36179	9/23/11	9/28/11	Second Class	AG-10270	Alejandro Grove	Consumer	Suzhou	Anhui	China		APAC	North Asia	OFF-FA-10001246	Office Supplies	Fasteners	OIC Staples, Metal	80,22	7	0	38,43	6,15	Medium
38011	13952	IT-2012-2794787	10/8/12	10/10/12	Second Class	NS-18505	Neola Schneider	Consumer	Birmingham	England	United Kingdom		EU	North	OFF-AR-10000444	Office Supplies	Art	BIC Highlighters, Blue	37,86	4	0,5	-7,62	2,73	High
31563	37524	CA-2011-148782	11/2/11	11/7/11	Standard Class	PO-18850	Patrick O'Brill	Consumer	Irving	Texas	United States	75061.0	US	Central	TEC-PH-10002923	Technology	Phones	Logitech B530 USB Headset - headset - Full size, Binaural	88,776	3	0,2	7,7679	4,83	Medium
41395	45295	NI-2014-9060	10/28/14	11/3/14	Standard Class	SH-9975	Sally Hughsby	Corporate	Warri	Delta	Nigeria		Africa	Africa	OFF-STO-10004495	Office Supplies	Fasteners	Stockwell Thumb Tacks, Bulk Pack	24,354	6	0,7	-31,806	1,95	Medium
26947	4804	MX-2011-152597	5/27/11	6/2/11	Standard Class	RC-19825	Roy Collins	Consumer	Mexicali	Baja California	Mexico		LATAM	North	OFF-ST-10001051	Office Supplies	Storage	Eldon Shelving, Industrial	130,4	4	0	32,56	7,024	Medium
10637	15320	IT-2011-2800134	9/6/11	9/10/11	Standard Class	AG-10675	Anna Gayman	Consumer	Amsterdam	North Holland	Netherlands		EU	Central	TEC-AC-10000827	Technology	Accessories	SanDisk Keyboard, Programmable	331,92	8	0,5	-225,84	30,59	Medium
45982	23767	IN-2012-68785	1/13/12	1/17/12	Standard Class	CC-12610	Corey Catlett	Corporate	Nantong	Jiangsu	China		APAC	North Asia	OFF-LA-10002107	Office Supplies	Labels	Novimex Legal Exhibit Labels, 5000 Label Set	10,86	1	0	5,43	1,06	High
7825	36797	CA-2014-164378	7/16/14	7/19/14	Second Class	MM-18055	Michelle Moray	Consumer	New York City	New York	United States	10024.0	US	East	FUR-CH-10002084	Furniture	Chairs	Hon Mobius Operator's Chair	664,146	6	0,1	88,5528	43,28	Medium
5110	22141	IN-2012-50942	11/14/12	11/19/12	Second Class	JB-16000	Joy Bell-	Consumer	Shangyu	Zhejiang	China		APAC	North Asia	FUR-BO-10000210	Furniture	Bookcases	Ikea Library with Doors, Pine	729,48	2	0	218,82	65,35	High
50172	9158	MX-2014-141012	9/15/14	9/20/14	Standard Class	LC-17050	Liz Carlisle	Consumer	Hermosillo	Sonora	Mexico		LATAM	North	FUR-FU-10000350	Furniture	Furnishings	Rubbermaid Light Bulb, Duo Pack	45,36	6	0,4	2,16	0,339	Medium
36808	28867	IN-2014-64753	12/16/14	12/20/14	Standard Class	EB-13870	Emily Burns	Consumer	Surat	Gujarat	India		APAC	Central Asia	OFF-AR-10000387	Office Supplies	Art	Sanford Highlighters, Water Color	37,86	2	0	16,98	3,06	High
11585	21249	IN-2013-60812	6/10/13	6/12/13	First Class	RO-19780	Rose O'Brian	Consumer	Melbourne	Victoria	Australia		APAC	Oceania	OFF-SU-10004306	Office Supplies	Supplies	Kleencut Trimmer, Steel	110,241	3	0,1	-7,389	27,76	Medium
960	14954	IT-2011-1939979	5/12/11	5/14/11	First Class	MP-18175	Mike Pelletier	Home Office	Bordeaux	Aquitaine	France		EU	Central	FUR-TA-10003527	Furniture	Tables	Chromcraft Wood Table, with Bottom Storage	627,276	2	0,35	-135,144	206,61	Critical
13887	1692	MX-2011-128356	6/27/11	6/27/11	Same Day	NR-18550	Nick Radford	Consumer	Apopa	San Salvador	El Salvador		LATAM	Central	OFF-AR-10002335	Office Supplies	Art	Sanford Canvas, Fluorescent	138,08	4	0	2,72	21,987	Critical
46045	28279	IN-2013-29683	5/10/13	5/16/13	Standard Class	AS-10225	Alan Schoenberger	Corporate	Hyderabad	Telangana	India		APAC	Central Asia	OFF-LA-10003379	Office Supplies	Labels	Smead Color Coded Labels, Laser Printer Compatible	13,05	1	0	0,63	1,05	Medium
29850	8774	US-2014-167178	5/1/14	5/8/14	Standard Class	SC-20845	Sung Chung	Consumer	Heroica Zitácuaro	Michoacán	Mexico		LATAM	North	FUR-CH-10002547	Furniture	Chairs	Office Star Steel Folding Chair, Red	97,824	2	0,2	-11,016	5,555	Medium
9345	2928	MX-2013-140144	4/26/13	5/1/13	Standard Class	JK-16090	Juliana Krohn	Consumer	Managua	Managua	Nicaragua		LATAM	Central	TEC-CO-10002434	Technology	Copiers	Canon Fax and Copier, Laser	381,91464	3	0,002	79,57464	35,495	High
42205	5418	MX-2014-114818	9/26/14	9/28/14	First Class	RS-19870	Roy Skaria	Home Office	San Miguelito	Panama	Panama		LATAM	Central	OFF-LA-10001294	Office Supplies	Labels	Avery Shipping Labels, Adjustable	11,7	3	0,4	0,360000000000001	1,772	High
49359	45154	IR-2014-5870	7/4/14	7/8/14	Standard Class	SF-10965	Sylvia Foulston	Corporate	Abadan	Khuzestan	Iran		EMEA	EMEA	OFF-SME-10001754	Office Supplies	Labels	Smead File Folder Labels, 5000 Label Set	9,27	1	0	4,26	0,49	Medium
16589	7982	MX-2013-136651	11/25/13	11/27/13	First Class	GT-14755	Guy Thornton	Consumer	Floriano	Piauí	Brazil		LATAM	South	TEC-CO-10001177	Technology	Copiers	HP Fax and Copier, Color	231,97512	2	0,002	43,69512	16,943	Medium
26511	22568	IN-2013-47729	10/4/13	10/4/13	Same Day	EJ-14155	Eva Jacobs	Consumer	Brisbane	Queensland	Australia		APAC	Oceania	OFF-PA-10004444	Office Supplies	Paper	SanDisk Note Cards, Premium	56,214	2	0,1	10,614	7,28	Medium
49322	6792	MX-2014-129728	11/17/14	11/22/14	Second Class	DG-13300	Deirdre Greer	Corporate	León	Guanajuato	Mexico		LATAM	North	OFF-ST-10002466	Office Supplies	Storage	Smead Box, Blue	7,18	1	0	2,86	0,497	Medium
32443	4418	US-2014-101063	10/9/14	10/9/14	Same Day	PJ-19015	Pauline Johnson	Consumer	Buenos Aires	Buenos Aires	Argentina		LATAM	South	OFF-PA-10004854	Office Supplies	Paper	Green Bar Cards & Envelopes, Recycled	96,6	5	0,4	-33,9	4,481	Medium
2700	37050	CA-2013-118514	2/3/13	2/10/13	Standard Class	LC-17050	Liz Carlisle	Consumer	Richmond	Kentucky	United States	40475.0	US	South	FUR-CH-10000015	Furniture	Chairs	Hon Multipurpose Stacking Arm Chairs	866,4	4	0	225,264	107,39	Low
50379	49517	SA-2012-4510	6/14/12	6/18/12	Standard Class	JP-6135	Julie Prescott	Home Office	Tabuk	Tabuk	Saudi Arabia		EMEA	EMEA	OFF-GLO-10001688	Office Supplies	Envelopes	GlobeWeis Manila Envelope, Recycled	26,19	1	0	13,08	0,3	Medium
41349	51243	NI-2014-3370	12/30/14	1/4/15	Standard Class	NF-8385	Natalie Fritzler	Consumer	Ibadan	Oyo	Nigeria		Africa	Africa	OFF-BIN-10004512	Office Supplies	Art	Binney & Smith Pens, Easy-Erase	21,978	6	0,7	-51,282	1,96	Medium
31677	45914	PL-2013-6230	10/16/13	10/22/13	Standard Class	PB-8805	Patrick Bzostek	Home Office	Lublin	Lublin	Poland		EMEA	EMEA	OFF-IBI-10002637	Office Supplies	Binders	Ibico Binding Machine, Durable	52,92	1	0	24,33	4,78	Medium
24217	22733	IN-2013-42360	6/28/13	7/1/13	Second Class	JM-15655	Jim Mitchum	Corporate	Sydney	New South Wales	Australia		APAC	Oceania	OFF-EN-10003601	Office Supplies	Envelopes	GlobeWeis Clasp Envelope, Set of 50	26,73	3	0,1	-2,97	8,74	Critical
9657	43867	TU-2012-8330	7/5/12	7/5/12	Same Day	LS-6945	Linda Southworth	Corporate	Cankaya	Ankara	Turkey		EMEA	EMEA	TEC-APP-10004912	Technology	Phones	Apple Speaker Phone, with Caller ID	295,92	6	0,6	-259,02	34,26	Medium
29616	1966	MX-2014-113054	7/15/14	7/20/14	Second Class	NP-18325	Naresj Patel	Consumer	Holguín	Holguín	Cuba		LATAM	Caribbean	OFF-SU-10004650	Office Supplies	Supplies	Acme Scissors, High Speed	67,84	4	0	16,96	5,666	Medium
14187	1938	MX-2011-109239	6/17/11	6/21/11	Standard Class	KT-16465	Kean Takahito	Consumer	Recife	Pernambuco	Brazil		LATAM	South	FUR-BO-10002008	Furniture	Bookcases	Bush Stackable Bookrack, Traditional	163,96	2	0	27,84	21,325	High
10274	11758	IT-2012-3131435	9/24/12	9/30/12	Standard Class	NC-18340	Nat Carroll	Consumer	Worms	Rhineland-Palatinate	Germany		EU	Central	TEC-MA-10001279	Technology	Machines	Panasonic Calculator, Wireless	301,68	6	0	5,94	31,79	Medium
34045	18200	ES-2014-2943839	6/21/14	6/23/14	Second Class	BM-11650	Brian Moss	Corporate	Saint-Genis-Laval	Rhône-Alpes	France		EU	Central	OFF-BI-10000042	Office Supplies	Binders	Cardinal Index Tab, Clear	21,78	3	0	7,56	3,9	High
39144	46852	UP-2014-830	9/22/14	9/24/14	First Class	JW-5220	Jane Waco	Corporate	Berdyans'k	Zaporizhzhya	Ukraine		EMEA	EMEA	OFF-AME-10000870	Office Supplies	Envelopes	Ames Peel and Seal, Recycled	17,49	1	0	6,12	2,45	High
19659	21355	IN-2014-11553	11/5/14	11/5/14	Same Day	LR-17035	Lisa Ryan	Corporate	Perth	Western Australia	Australia		APAC	Oceania	OFF-SU-10003105	Office Supplies	Supplies	Fiskars Shears, Steel	84,672	2	0,1	7,512	12,86	High
47155	33114	CA-2012-125423	12/13/12	12/15/12	Second Class	MC-17575	Matt Collins	Consumer	Los Angeles	California	United States	90036.0	US	West	OFF-LA-10001771	Office Supplies	Labels	Avery 513	9,96	2	0	4,5816	0,87	Medium
48081	8688	MX-2011-126893	4/15/11	4/17/11	First Class	SN-20710	Steve Nguyen	Home Office	San Pedro Sula	Cortés	Honduras		LATAM	Central	OFF-LA-10002015	Office Supplies	Labels	Hon Round Labels, Alphabetical	2,592	1	0,4	0,332	0,712	Critical
47157	34164	CA-2013-115588	11/11/13	11/13/13	Second Class	AF-10885	Art Foster	Consumer	Toledo	Ohio	United States	43615.0	US	East	OFF-SU-10001225	Office Supplies	Supplies	Staples	14,72	5	0,2	-3,312	0,87	Medium
17136	20812	ID-2013-61771	12/18/13	12/23/13	Standard Class	BF-11215	Benjamin Farhat	Home Office	Huaibei	Anhui	China		APAC	North Asia	TEC-AC-10001090	Technology	Accessories	Enermax Mouse, Programmable	208,95	5	0	91,8	16,14	Medium
29025	5632	MX-2012-105452	11/10/12	11/13/12	First Class	SJ-20125	Sanjit Jacobs	Home Office	Santo Domingo	Santo Domingo	Dominican Republic		LATAM	Caribbean	OFF-SU-10003719	Office Supplies	Supplies	Stiletto Scissors, Steel	85,904	7	0,2	26,824	5,95	Medium
20320	29360	IN-2012-28367	11/28/12	11/30/12	First Class	CS-11950	Carlos Soltero	Consumer	Bareilly	Uttar Pradesh	India		APAC	Central Asia	OFF-FA-10002635	Office Supplies	Fasteners	Accos Thumb Tacks, Metal	27,6	2	0	6,3	12,17	Critical
18843	41860	KZ-2011-1240	12/19/11	12/21/11	First Class	LS-7230	Lycoris Saunders	Consumer	Kokshetau	Aqmola	Kazakhstan		EMEA	EMEA	TEC-NOK-10001678	Technology	Phones	Nokia Audio Dock, Cordless	101,754	2	0,7	-169,626	13,83	High
15224	41583	KE-2014-8380	11/28/14	12/2/14	Standard Class	ND-8370	Natalie DeCherney	Consumer	Kisumu	Nyanza	Kenya		Africa	Africa	TEC-LOG-10003896	Technology	Accessories	Logitech Router, Erganomic	245,13	1	0	44,1	19,31	Medium
41516	16936	IT-2014-4709866	8/11/14	8/17/14	Standard Class	JW-15955	Joni Wasserman	Consumer	Nacka	Stockholm	Sweden		EU	North	OFF-EN-10003854	Office Supplies	Envelopes	Jiffy Clasp Envelope, Security-Tint	21,84	4	0,5	-14,88	1,92	Medium
19550	10136	US-2012-113523	5/6/12	5/10/12	Standard Class	KD-16615	Ken Dana	Corporate	Ponte Nova	Minas Gerais	Brazil		LATAM	South	TEC-CO-10004649	Technology	Copiers	Brother Copy Machine, High-Speed	139,18856	2	0,602	-144,09144	12,977	Medium
41754	35057	CA-2012-167745	9/18/12	9/23/12	Standard Class	GB-14530	George Bell	Corporate	Los Angeles	California	United States	90049.0	US	West	FUR-FU-10001591	Furniture	Furnishings	Advantus Panel Wall Certificate Holder - 8.5x11	24,4	2	0	10,248	1,87	Medium
30053	10481	IT-2011-3760449	8/3/11	8/5/11	Second Class	DL-13330	Denise Leinenbach	Consumer	Berlin	Berlin	Germany		EU	Central	OFF-AR-10002485	Office Supplies	Art	Boston Markers, Easy-Erase	47,952	2	0,1	-0,588	5,47	Critical
47156	33589	CA-2012-149342	4/20/12	4/25/12	Standard Class	TS-21160	Theresa Swint	Corporate	Columbus	Georgia	United States	31907.0	US	South	OFF-PA-10001166	Office Supplies	Paper	Xerox 2	12,96	2	0	6,2208	0,87	Medium
22074	27611	IN-2013-47071	8/20/13	8/20/13	Same Day	PL-18925	Paul Lucas	Home Office	Yangon	Yangon	Myanmar (Burma)		APAC	Southeast Asia	OFF-BI-10002386	Office Supplies	Binders	Acco Index Tab, Clear	35,607	5	0,17	-2,193	10,49	Critical
40476	4345	MX-2012-141089	1/2/12	1/6/12	Standard Class	PO-18865	Patrick O'Donnell	Consumer	Guadalajara	Jalisco	Mexico		LATAM	North	OFF-BI-10000821	Office Supplies	Binders	Acco Hole Reinforcements, Durable	27,2	5	0	8,7	2,14	Medium
39646	50670	EG-2014-5030	7/15/14	7/20/14	Standard Class	EB-4110	Eugene Barchas	Consumer	Alexandria	Al Iskandariyah	Egypt		Africa	Africa	OFF-HON-10004014	Office Supplies	Labels	Hon Shipping Labels, Adjustable	18,54	2	0	6,48	2,33	High
489	50773	CA-2013-1260	8/24/13	8/26/13	Second Class	DW-3480	Dianna Wilson	Home Office	Guelph	Ontario	Canada		Canada	Canada	TEC-HEW-10003829	Technology	Copiers	Hewlett Wireless Fax, High-Speed	2270,34	6	0	1112,4	294,25	Medium
49944	4558	MX-2011-122049	10/4/11	10/4/11	Same Day	MO-17800	Meg O'Connel	Home Office	Santo Domingo	Santo Domingo	Dominican Republic		LATAM	Caribbean	OFF-FA-10004186	Office Supplies	Fasteners	Advantus Thumb Tacks, Bulk Pack	28,992	4	0,2	8,272	0,377	Medium
27211	41927	UZ-2014-7970	2/17/14	2/21/14	Second Class	VD-11670	Valerie Dominguez	Consumer	Andijon	Andijan	Uzbekistan		EMEA	EMEA	OFF-IBI-10003191	Office Supplies	Binders	Ibico 3-Hole Punch, Durable	63,9	2	0	23,64	6,88	Medium
33615	49140	NI-2014-8570	9/18/14	9/23/14	Standard Class	NF-8385	Natalie Fritzler	Consumer	Warri	Delta	Nigeria		Africa	Africa	OFF-EAT-10004908	Office Supplies	Paper	Eaton Message Books, Recycled	49,176	8	0,7	-91,944	4,05	Medium
23350	27667	IN-2011-15123	10/13/11	10/17/11	Standard Class	JR-16210	Justin Ritter	Corporate	Tokyo	Tokyo	Japan		APAC	North Asia	OFF-SU-10002388	Office Supplies	Supplies	Elite Shears, Easy Grip	145,89	3	0	17,46	9,42	Medium
20229	40843	CA-2011-166590	10/29/11	11/2/11	Standard Class	NC-18625	Noah Childs	Corporate	Columbus	Indiana	United States	47201.0	US	Central	OFF-PA-10000482	Office Supplies	Paper	Snap-A-Way Black Print Carbonless Ruled Speed Letter, Triplicate	75,88	2	0	35,6636	12,26	High
6808	12534	ES-2012-3052180	9/7/12	9/11/12	Standard Class	MP-18175	Mike Pelletier	Home Office	Les Mureaux	Ile-de-France	France		EU	Central	TEC-AC-10001056	Technology	Accessories	Belkin Router, USB	776,88	3	0	365,13	50,3	Medium
43314	47941	CG-2013-490	9/18/13	9/23/13	Standard Class	HD-4785	Harold Dahlen	Home Office	Mbuji-mayi	Kasai-Oriental	Democratic Republic of the Congo		Africa	Africa	OFF-JIF-10004616	Office Supplies	Envelopes	Jiffy Manila Envelope, Security-Tint	28,41	1	0	13,92	1,55	Medium
35449	19861	ES-2013-5905207	12/9/13	12/12/13	First Class	AH-10195	Alan Haines	Corporate	Farnborough	England	United Kingdom		EU	North	OFF-BI-10004541	Office Supplies	Binders	Wilson Jones Binder, Durable	43,56	3	0	1,71	3,45	Medium
23915	13960	ES-2012-4424003	7/30/12	8/5/12	Standard Class	ZC-21910	Zuschuss Carroll	Consumer	Dresden	Saxony	Germany		EU	Central	OFF-BI-10000542	Office Supplies	Binders	Wilson Jones 3-Hole Punch, Durable	88,47	6	0,5	-51,39	8,96	Low
49188	39759	CA-2012-169537	9/3/12	9/7/12	Second Class	JH-15820	John Huston	Consumer	Holland	Michigan	United States	49423.0	US	Central	OFF-LA-10001982	Office Supplies	Labels	Smead Alpha-Z Color-Coded Name Labels First Letter Starter Set	7,5	2	0	3,6	0,52	High
6991	40211	US-2013-144057	5/10/13	5/14/13	Standard Class	CV-12805	Cynthia Voltz	Corporate	Austin	Texas	United States	78745.0	US	Central	OFF-ST-10001490	Office Supplies	Storage	Hot File 7-Pocket, Floor Stand	856,656	6	0,2	107,082	48,94	Medium
20142	26549	ID-2012-72453	9/19/12	9/23/12	Standard Class	CS-11845	Cari Sayre	Corporate	Brisbane	Queensland	Australia		APAC	Oceania	FUR-FU-10002803	Furniture	Furnishings	Deflect-O Stacking Tray, Erganomic	150,633	7	0,1	-3,507	12,34	High
50530	36307	CA-2012-102876	9/7/12	9/14/12	Standard Class	LR-17035	Lisa Ryan	Corporate	Philadelphia	Pennsylvania	United States	19134.0	US	East	OFF-BI-10000848	Office Supplies	Binders	Angle-D Ring Binders	4,923	3	0,7	-3,9384	0,26	Medium
39000	28838	ID-2014-37516	12/1/14	12/5/14	Standard Class	KB-16405	Katrina Bavinger	Home Office	Manila	National Capital	Philippines		APAC	Southeast Asia	OFF-ST-10004608	Office Supplies	Storage	Smead Shelving, Industrial	54,351	2	0,45	-34,629	2,48	Medium
42110	20858	IN-2014-66027	12/15/14	12/19/14	Standard Class	SV-20935	Susan Vittorini	Consumer	Surabaya	Jawa Timur	Indonesia		APAC	Southeast Asia	OFF-AR-10002400	Office Supplies	Art	Boston Highlighters, Water Color	32,193	2	0,27	-8,427	1,79	Medium
21209	40677	CA-2011-154158	12/23/11	12/27/11	Second Class	CC-12670	Craig Carreira	Consumer	Tampa	Florida	United States	33614.0	US	South	FUR-CH-10004698	Furniture	Chairs	Padded Folding Chairs, Black, 4/Carton	64,784	1	0,2	6,4784	11,24	High
47228	39099	CA-2012-102260	9/22/12	9/26/12	Standard Class	SJ-20125	Sanjit Jacobs	Home Office	Franklin	Tennessee	United States	37064.0	US	South	OFF-LA-10003714	Office Supplies	Labels	Avery 510	12	4	0,2	4,2	0,86	Medium
17207	25983	IN-2013-37796	7/12/13	7/18/13	Standard Class	HG-14965	Henry Goldwyn	Corporate	Jakarta	Jakarta	Indonesia		APAC	Southeast Asia	FUR-FU-10004549	Furniture	Furnishings	Advantus Frame, Erganomic	240,3306	3	0,27	36,2106	16,05	Medium
21024	23967	IN-2014-41121	11/12/14	11/15/14	First Class	PL-18925	Paul Lucas	Home Office	Wuhan	Hubei	China		APAC	North Asia	FUR-BO-10003706	Furniture	Bookcases	Sauder Stackable Bookrack, Pine	148,17	2	0,5	-5,97000000000003	11,42	Medium
1117	13985	ES-2011-5507767	11/29/11	12/6/11	Standard Class	CD-12790	Cynthia Delaney	Home Office	La Seyne-sur-Mer	Provence-Alpes-Côte d'Azur	France		EU	Central	TEC-CO-10000263	Technology	Copiers	Hewlett Fax Machine, Digital	1629,756	6	0,15	594,216	190,42	Low
26453	44659	IZ-2014-7330	8/19/14	8/25/14	Standard Class	JM-5250	Janet Martin	Consumer	Mosul	Ninawa	Iraq		EMEA	EMEA	FUR-HON-10003593	Furniture	Chairs	Hon Steel Folding Chair, Adjustable	83,91	1	0	15,09	7,32	Medium
25864	39639	CA-2013-132549	11/26/13	12/1/13	Standard Class	JK-15370	Jay Kimmel	Consumer	Huntsville	Alabama	United States	35810.0	US	South	OFF-ST-10001325	Office Supplies	Storage	Sterilite Officeware Hinged File Box	73,36	7	0	19,8072	7,66	High
21966	27559	IN-2014-13079	11/4/14	11/9/14	Second Class	DL-12865	Dan Lawera	Consumer	Chaozhou	Guangdong	China		APAC	North Asia	OFF-AR-10002022	Office Supplies	Art	Stanley Sketch Pad, Water Color	95,22	2	0	16,14	10,59	Medium
28974	24313	IN-2014-24853	12/5/14	12/11/14	Standard Class	MM-18055	Michelle Moray	Consumer	Gold Coast	Queensland	Australia		APAC	Oceania	TEC-MA-10002242	Technology	Machines	StarTech Calculator, Durable	108,216	3	0,1	-12,024	5,97	Medium
17674	15078	ES-2014-5507713	11/4/14	11/7/14	First Class	CK-12760	Cyma Kinney	Corporate	Bayonne	Aquitaine	France		EU	Central	OFF-SU-10002544	Office Supplies	Supplies	Kleencut Box Cutter, Serrated	62,7	2	0	13,74	15,41	Critical
51191	37351	CA-2013-124016	9/24/13	9/27/13	Second Class	JS-15940	Joni Sundaresam	Home Office	Lancaster	Ohio	United States	43130.0	US	East	OFF-BI-10002071	Office Supplies	Binders	Fellowes Black Plastic Comb Bindings	12,201	7	0,7	-9,7608	0,08	Medium
19847	28339	IN-2011-44761	10/20/11	10/24/11	Standard Class	EM-14140	Eugene Moren	Home Office	Malang	Jawa Timur	Indonesia		APAC	Southeast Asia	TEC-MA-10003170	Technology	Machines	Konica Calculator, Wireless	171,4116	4	0,17	64,0116	12,65	Medium
29378	20890	ID-2014-52895	10/12/14	10/14/14	Second Class	NC-18535	Nick Crebassa	Corporate	Cairns	Queensland	Australia		APAC	Oceania	OFF-LA-10003807	Office Supplies	Labels	Smead Removable Labels, Adjustable	25,2	5	0,4	-7,65	5,79	High
12751	26174	IN-2011-67392	12/5/11	12/10/11	Standard Class	ZD-21925	Zuschuss Donatelli	Consumer	Dhaka	Dhaka	Bangladesh		APAC	Central Asia	FUR-FU-10001246	Furniture	Furnishings	Advantus Frame, Durable	324,45	3	0	68,13	24,63	High
4695	24337	IN-2013-72740	4/12/13	4/14/13	First Class	NF-18475	Neil Französisch	Home Office	Ningbo	Zhejiang	China		APAC	North Asia	TEC-MA-10002392	Technology	Machines	Konica Card Printer, Wireless	700,68	4	0	350,28	70,42	Critical
32824	9923	MX-2014-145772	11/18/14	11/23/14	Standard Class	RB-19330	Randy Bradley	Consumer	Bogotá	Bogota	Colombia		LATAM	South	TEC-AC-10001491	Technology	Accessories	Enermax Flash Drive, Bluetooth	83,04	3	0	2,46	4,344	Medium
43540	15730	ES-2013-3378994	9/5/13	9/11/13	Standard Class	JH-15820	John Huston	Consumer	Berlin	Berlin	Germany		EU	Central	OFF-EN-10002410	Office Supplies	Envelopes	GlobeWeis Manila Envelope, Recycled	212,139	9	0,1	94,149	1,5	Low
20374	11448	ES-2012-5985650	5/23/12	5/23/12	Same Day	RK-19300	Ralph Kennedy	Consumer	Leicester	England	United Kingdom		EU	North	OFF-FA-10003818	Office Supplies	Fasteners	Stockwell Staples, 12 Pack	49,2	5	0	18,15	12,11	Critical
49283	24897	IN-2013-61008	6/12/13	6/14/13	First Class	KH-16360	Katherine Hughes	Consumer	Bangkok	Bangkok	Thailand		APAC	Southeast Asia	OFF-FA-10001563	Office Supplies	Fasteners	Stockwell Staples, Bulk Pack	5,5173	1	0,47	-3,6627	0,5	Medium
8206	32607	CA-2013-141397	6/21/13	6/22/13	First Class	RC-19825	Roy Collins	Consumer	Pasadena	California	United States	91104.0	US	West	FUR-CH-10003846	Furniture	Chairs	Hon Valutask Swivel Chairs	161,568	2	0,2	-8,07839999999999	41,18	Critical
19002	16171	IT-2011-2516674	11/21/11	11/25/11	Standard Class	DJ-13630	Doug Jacobs	Consumer	Muret	Midi-Pyrénées	France		EU	Central	FUR-CH-10001150	Furniture	Chairs	SAFCO Steel Folding Chair, Red	231,417	3	0,1	95,067	13,64	High
36514	34798	CA-2013-108616	9/30/13	10/4/13	Standard Class	JK-15730	Joe Kamberova	Consumer	Mobile	Alabama	United States	36608.0	US	South	OFF-AR-10001149	Office Supplies	Art	Sanford Colorific Colored Pencils, 12/Box	25,92	9	0	7,776	3,14	High
12964	35010	CA-2014-166198	4/22/14	4/25/14	First Class	JW-15955	Joni Wasserman	Consumer	Seattle	Washington	United States	98103.0	US	West	FUR-FU-10004622	Furniture	Furnishings	Eldon Advantage Foldable Chair Mats for Low Pile Carpets	162,6	3	0	34,146	24,11	Medium
29477	44361	TU-2012-220	1/9/12	1/13/12	Standard Class	RW-9690	Robert Waldorf	Consumer	Istanbul	Istanbul	Turkey		EMEA	EMEA	OFF-TEN-10002835	Office Supplies	Storage	Tenex Lockers, Industrial	81,852	1	0,6	-65,508	5,74	Medium
51033	38653	CA-2013-114748	10/10/13	10/15/13	Standard Class	MZ-17335	Maria Zettner	Home Office	Phoenix	Arizona	United States	85023.0	US	West	OFF-AR-10001315	Office Supplies	Art	Newell 310	1,408	1	0,2	0,1584	0,14	High
8014	29096	IN-2012-25476	9/28/12	10/4/12	Standard Class	BG-11035	Barry Gonzalez	Consumer	Kabul	Kabul	Afghanistan		APAC	Central Asia	TEC-PH-10003652	Technology	Phones	Motorola Headset, Cordless	412,95	5	0	24,75	42,28	Low
29469	26703	IN-2014-17839	11/4/14	11/10/14	Standard Class	BT-11530	Bradley Talbott	Home Office	Xinghua	Jiangsu	China		APAC	North Asia	FUR-CH-10004312	Furniture	Chairs	Hon Bag Chairs, Set of Two	94,8	2	0	22,74	5,74	Medium
10374	47225	KE-2013-7370	12/19/13	12/20/13	First Class	DH-3075	Dave Hallsten	Corporate	Mombasa	Coast	Kenya		Africa	Africa	OFF-IBI-10000959	Office Supplies	Binders	Ibico Binding Machine, Recycled	207,12	4	0	37,2	31,46	High
16097	38309	US-2011-135881	5/23/11	5/27/11	Standard Class	GT-14710	Greg Tran	Consumer	New York City	New York	United States	10035.0	US	East	OFF-AP-10002118	Office Supplies	Appliances	"1.7 Cubic Foot Compact ""Cube"" Office Refrigerators"	208,16	1	0	56,2032	17,78	Medium
5285	28255	IN-2013-51621	12/24/13	12/29/13	Standard Class	SG-20080	Sandra Glassco	Consumer	Tirunelveli	Tamil Nadu	India		APAC	Central Asia	FUR-TA-10002351	Furniture	Tables	Hon Training Table, Adjustable Height	669,78	2	0	214,32	63,15	Medium
33781	32750	CA-2013-133711	11/27/13	11/30/13	First Class	MC-17425	Mark Cousins	Corporate	Mobile	Alabama	United States	36608.0	US	South	OFF-BI-10004352	Office Supplies	Binders	Wilson Jones DublLock D-Ring Binders	33,75	5	0	16,875	3,99	Medium
24512	28071	ID-2014-70290	12/2/14	12/4/14	Second Class	SC-20230	Scot Coram	Corporate	Gujranwala	Punjab	Pakistan		APAC	Central Asia	FUR-FU-10004778	Furniture	Furnishings	Deflect-O Light Bulb, Duo Pack	45,72	3	0,2	-4,59	8,54	High
33417	4221	US-2013-154494	9/13/13	9/15/13	Second Class	MG-18145	Mike Gockenbach	Consumer	Tegucigalpa	Francisco Morazán	Honduras		LATAM	Central	TEC-AC-10003927	Technology	Accessories	Belkin Numeric Keypad, Bluetooth	23,184	1	0,4	1,144	4,119	High
25116	2227	MX-2011-155271	10/7/11	10/10/11	Second Class	CL-12565	Clay Ludtke	Consumer	Cienfuegos	Cienfuegos	Cuba		LATAM	Caribbean	OFF-SU-10001894	Office Supplies	Supplies	Elite Scissors, Steel	43,86	3	0	11,82	8,148	High
48256	36902	CA-2013-134516	9/21/13	9/26/13	Standard Class	FM-14215	Filia McAdams	Corporate	Greensboro	North Carolina	United States	27405.0	US	South	FUR-FU-10001546	Furniture	Furnishings	Dana Swing-Arm Lamps	17,088	2	0,2	1,068	0,69	Medium
25819	44604	RS-2011-3200	9/13/11	9/16/11	First Class	HJ-4875	Heather Jas	Home Office	Irkutsk	Irkutsk	Russia		EMEA	EMEA	OFF-BIN-10001257	Office Supplies	Art	Binney & Smith Sketch Pad, Easy-Erase	93,18	2	0	13,92	7,69	Medium
1733	17806	IT-2013-2634279	6/8/13	6/9/13	First Class	CA-12265	Christina Anderson	Consumer	Marseille	Provence-Alpes-Côte d'Azur	France		EU	Central	FUR-TA-10004634	Furniture	Tables	Bevis Training Table, Adjustable Height	1095,8025	5	0,35	-421,5975	147,62	High
38357	37197	CA-2012-146465	11/20/12	11/24/12	Standard Class	PB-18805	Patrick Bzostek	Home Office	San Francisco	California	United States	94122.0	US	West	OFF-BI-10004528	Office Supplies	Binders	Cardinal Poly Pocket Divider Pockets for Ring Binders	24,192	9	0,2	7,56	2,64	High
35222	41279	US-2013-157728	9/23/13	9/29/13	Standard Class	RC-19960	Ryan Crowe	Consumer	Grand Rapids	Michigan	United States	49505.0	US	Central	OFF-PA-10002195	Office Supplies	Paper	"RSVP Cards & Envelopes, Blank White, 8-1/2"" X 11"", 24 Cards/25 Envelopes/Set"	35,56	7	0	16,7132	3,52	Medium
45856	253	US-2013-141257	1/30/13	2/4/13	Second Class	SC-20845	Sung Chung	Consumer	Buenos Aires	Buenos Aires	Argentina		LATAM	South	OFF-LA-10002334	Office Supplies	Labels	Smead Shipping Labels, Alphabetical	9,144	2	0,4	-0,175999999999999	1,082	Medium
36877	9474	MX-2011-149944	6/22/11	6/25/11	First Class	FM-14380	Fred McMath	Consumer	Puente Alto	Santiago	Chile		LATAM	South	OFF-FA-10001029	Office Supplies	Fasteners	OIC Push Pins, Assorted Sizes	8,24	1	0	0,4	3,049	Critical
46719	27422	ID-2013-53273	4/10/13	4/15/13	Standard Class	DK-13150	David Kendrick	Corporate	Bandung	Jawa Barat	Indonesia		APAC	Southeast Asia	OFF-LA-10001191	Office Supplies	Labels	Harbour Creations File Folder Labels, Alphabetical	18,126	4	0,47	-3,474	0,94	High
49670	6032	US-2012-126620	11/12/12	11/17/12	Standard Class	HA-14905	Helen Abelman	Consumer	Mexico City	Distrito Federal	Mexico		LATAM	North	OFF-LA-10004239	Office Supplies	Labels	Smead Color Coded Labels, Adjustable	29,2	4	0	7,84	0,424	Medium
13971	16209	ES-2013-3845157	9/10/13	9/14/13	Second Class	VP-21730	Victor Preis	Home Office	Leeds	England	United Kingdom		EU	North	TEC-MA-10002043	Technology	Machines	Epson Receipt Printer, White	230,88	2	0	99,24	21,78	Medium
17427	6843	MX-2014-163958	9/5/14	9/8/14	Second Class	KE-16420	Katrina Edelman	Corporate	Las Tunas	Las Tunas	Cuba		LATAM	Caribbean	OFF-SU-10003098	Office Supplies	Supplies	Kleencut Scissors, Easy Grip	47,82	3	0	12,42	15,723	Critical
15110	5610	MX-2013-143287	1/27/13	2/1/13	Standard Class	LS-16975	Lindsay Shagiari	Home Office	Caucaia	Ceará	Brazil		LATAM	South	FUR-BO-10003112	Furniture	Bookcases	Sauder Floating Shelf Set, Traditional	518,88	4	0	202,32	19,516	Medium
43081	12438	ES-2012-5769431	12/27/12	1/3/13	Standard Class	DC-13285	Debra Catini	Consumer	Duisburg	North Rhine-Westphalia	Germany		EU	Central	OFF-BI-10003124	Office Supplies	Binders	Cardinal Hole Reinforcements, Durable	27,36	4	0	5,64	1,59	Medium
30835	23087	ID-2013-19309	8/23/13	8/30/13	Standard Class	MZ-17515	Mary Zewe	Corporate	Surabaya	Jawa Timur	Indonesia		APAC	Southeast Asia	OFF-BI-10001028	Office Supplies	Binders	Ibico 3-Hole Punch, Clear	74,4759	3	0,17	12,5559	5,13	Medium
46971	35159	CA-2011-135755	5/3/11	5/10/11	Standard Class	NC-18415	Nathan Cano	Consumer	Yonkers	New York	United States	10701.0	US	East	OFF-BI-10003981	Office Supplies	Binders	"Avery Durable Plastic 1"" Binders"	10,896	3	0,2	3,9498	0,9	Medium
4928	38903	CA-2013-101791	5/28/13	6/1/13	Standard Class	BS-11665	Brian Stugart	Consumer	Chicago	Illinois	United States	60623.0	US	Central	OFF-ST-10001496	Office Supplies	Storage	Standard Rollaway File with Lock	1297,368	9	0,2	97,3026	67,44	Medium
24014	3141	MX-2012-122833	12/25/12	1/1/13	Standard Class	TB-21280	Toby Braunhardt	Consumer	Santo Domingo	Santo Domingo	Dominican Republic		LATAM	Caribbean	FUR-CH-10002291	Furniture	Chairs	Hon Bag Chairs, Set of Two	151,68	6	0,2	17,04	8,897	Medium
28632	6577	MX-2014-143924	1/31/14	2/5/14	Second Class	NW-18400	Natalie Webber	Consumer	David	Chiriquí	Panama		LATAM	Central	FUR-CH-10000852	Furniture	Chairs	Novimex Chairmat, Set of Two	46,872	2	0,4	4,672	6,144	Medium
39218	43761	SF-2011-7060	12/3/11	12/7/11	Standard Class	YS-11880	Yana Sorensen	Corporate	Umtata	Eastern Cape	South Africa		Africa	Africa	OFF-BIN-10000772	Office Supplies	Art	Binney & Smith Pencil Sharpener, Water Color	29,85	1	0	6,84	2,43	Medium
18015	19730	ES-2012-1721838	9/15/12	9/20/12	Standard Class	CR-12820	Cyra Reiten	Home Office	Forbach	Lorraine	France		EU	Central	TEC-AC-10000170	Technology	Accessories	Memorex Keyboard, Programmable	291,36	4	0	122,28	14,93	Medium
3557	37832	CA-2011-128209	11/17/11	11/22/11	Standard Class	GT-14710	Greg Tran	Consumer	Buffalo	New York	United States	14215.0	US	East	FUR-BO-10002213	Furniture	Bookcases	DMI Eclipse Executive Suite Bookcases	4007,84	10	0,2	-50,0980000000003	87,33	Medium
42354	45949	IZ-2013-5860	11/19/13	11/26/13	Standard Class	SC-10020	Sam Craven	Consumer	Basra	Al Basrah	Iraq		EMEA	EMEA	OFF-WIL-10002233	Office Supplies	Binders	Wilson Jones Index Tab, Durable	15,9	2	0	0,3	1,75	Medium
17438	1588	MX-2011-108875	12/28/11	12/30/11	Second Class	BF-11005	Barry Franz	Home Office	Diadema	São Paulo	Brazil		LATAM	South	OFF-ST-10003760	Office Supplies	Storage	Eldon Trays, Blue	63,96	2	0	23	15,709	Critical
30629	14333	ES-2012-3082564	3/31/12	4/5/12	Standard Class	SN-20560	Skye Norling	Home Office	Gateshead	England	United Kingdom		EU	North	OFF-AR-10003384	Office Supplies	Art	Boston Pens, Water Color	69,6	4	0	6,24	5,22	Medium
1667	45930	MO-2012-6660	3/29/12	3/31/12	Second Class	AR-825	Anthony Rawles	Corporate	Fes	Fès-Boulemane	Morocco		Africa	Africa	OFF-CUI-10000682	Office Supplies	Appliances	Cuisinart Stove, Silver	1078,08	2	0	323,4	150,41	High
35289	7515	MX-2013-157378	2/15/13	2/20/13	Second Class	AS-10285	Alejandro Savely	Corporate	Cancún	Quintana Roo	Mexico		LATAM	North	OFF-ST-10004190	Office Supplies	Storage	Smead Box, Single Width	28,8	4	0	6,56	3,499	High
29781	15016	ES-2014-2608196	10/7/14	10/11/14	Standard Class	AI-10855	Arianne Irving	Consumer	Huyton	England	United Kingdom		EU	North	OFF-LA-10000519	Office Supplies	Labels	Novimex File Folder Labels, Laser Printer Compatible	74,25	9	0	14,04	5,58	High
44297	35440	CA-2014-112725	1/31/14	2/7/14	Standard Class	EH-14125	Eugene Hildebrand	Home Office	San Francisco	California	United States	94110.0	US	West	OFF-AR-10003759	Office Supplies	Art	Crayola Anti Dust Chalk, 12/Pack	12,74	7	0	5,733	1,36	Low
13653	24639	ID-2013-61736	12/2/13	12/5/13	First Class	PC-19000	Pauline Chand	Home Office	Manado	Sulawesi Utara	Indonesia		APAC	Southeast Asia	OFF-ST-10001719	Office Supplies	Storage	Tenex Trays, Industrial	136,1781	3	0,17	-23,0319	22,45	Critical
21241	42890	AG-2014-2110	12/30/14	1/4/15	Second Class	TB-11250	Tim Brockman	Consumer	Algiers	Alger	Algeria		Africa	Africa	OFF-SAN-10002839	Office Supplies	Art	Sanford Canvas, Fluorescent	207,12	4	0	76,56	11,21	Medium
22323	28627	ID-2012-12953	10/3/12	10/7/12	Standard Class	DP-13105	Dave Poirier	Corporate	Newcastle	New South Wales	Australia		APAC	Oceania	TEC-AC-10004252	Technology	Accessories	SanDisk Mouse, Bluetooth	137,916	4	0,1	-13,884	10,26	Medium
6027	16319	ES-2014-1808409	7/14/14	7/16/14	Second Class	JK-15205	Jamie Kunitz	Consumer	Rome	Lazio	Italy		EU	South	FUR-BO-10003007	Furniture	Bookcases	Ikea Stackable Bookrack, Metal	366,12	3	0	84,15	56,08	Medium
1231	35236	US-2013-143448	12/11/13	12/11/13	Same Day	MH-17455	Mark Hamilton	Consumer	Greenwood	Indiana	United States	46142.0	US	Central	FUR-CH-10003379	Furniture	Chairs	Global Commerce Series High-Back Swivel/Tilt Chairs	1424,9	5	0	356,225	180,31	High
25998	37955	CA-2014-135937	2/21/14	2/28/14	Standard Class	KM-16375	Katherine Murray	Home Office	Gilbert	Arizona	United States	85234.0	US	West	FUR-FU-10002253	Furniture	Furnishings	"Howard Miller 13"" Diameter Pewter Finish Round Wall Clock"	68,704	2	0,2	16,3172	7,59	Low
14347	48976	IZ-2014-7340	3/17/14	3/18/14	First Class	PA-9060	Pete Armstrong	Home Office	Baghdad	Baghdad	Iraq		EMEA	EMEA	FUR-BUS-10004121	Furniture	Bookcases	Bush 3-Shelf Cabinet, Mobile	145,89	1	0	21,87	21	High
14802	6706	MX-2013-111556	11/18/13	11/22/13	Standard Class	BM-11140	Becky Martin	Consumer	San Pedro Sula	Cortés	Honduras		LATAM	Central	TEC-CO-10002089	Technology	Copiers	Brother Personal Copier, Laser	284,8274	5	0,402	-81,9726	20,071	Medium
10071	30950	IN-2012-80783	6/30/12	7/4/12	Second Class	NC-18625	Noah Childs	Corporate	Whangarei	Northland	New Zealand		APAC	Oceania	FUR-BO-10001558	Furniture	Bookcases	Safco 3-Shelf Cabinet, Pine	340,38	2	0	37,44	32,6	Medium
20288	12692	ES-2013-1123163	4/25/13	5/2/13	Standard Class	SV-20815	Stuart Van	Corporate	Rome	Lazio	Italy		EU	South	OFF-AR-10002165	Office Supplies	Art	Boston Sketch Pad, Fluorescent	99,72	2	0	0	12,2	Low
31708	7064	MX-2014-102449	7/9/14	7/11/14	First Class	RD-19900	Ruben Dartt	Consumer	Santiago de los Caballeros	Santiago	Dominican Republic		LATAM	Caribbean	OFF-FA-10001727	Office Supplies	Fasteners	Advantus Thumb Tacks, Assorted Sizes	17,664	3	0,2	-4,416	4,769	High
6335	38928	CA-2011-162089	3/30/11	4/1/11	First Class	MP-17470	Mark Packer	Home Office	Brownsville	Texas	United States	78521.0	US	Central	FUR-CH-10002304	Furniture	Chairs	Global Stack Chair without Arms, Black	127,302	7	0,3	-9,093	53,64	Critical
46519	17564	ES-2014-4252380	12/15/14	12/19/14	Standard Class	EM-13960	Eric Murdock	Consumer	Hanover	Lower Saxony	Germany		EU	Central	OFF-FA-10002248	Office Supplies	Fasteners	Stockwell Staples, Assorted Sizes	12,375	3	0,5	-1,755	0,97	Medium
9384	31734	CA-2013-147375	6/13/13	6/15/13	Second Class	PO-19180	Philisse Overcash	Home Office	Chicago	Illinois	United States	60623.0	US	Central	OFF-PA-10001970	Office Supplies	Paper	Xerox 1908	313,488	7	0,2	113,6394	35,31	High
10754	17020	ES-2013-2388994	3/5/13	3/8/13	First Class	PK-19075	Pete Kriz	Consumer	Helsinki	Uusimaa	Finland		EU	North	OFF-ST-10000085	Office Supplies	Storage	Rogers File Cart, Single Width	426,24	3	0	68,13	30,21	Medium
5309	30494	IN-2011-86460	10/13/11	10/15/11	Second Class	JJ-15760	Joel Jenkins	Home Office	Gold Coast	Queensland	Australia		APAC	Oceania	FUR-BO-10001370	Furniture	Bookcases	Sauder Classic Bookcase, Mobile	263,106	1	0,4	-122,784	62,84	High
25010	24281	IN-2013-71319	5/8/13	5/11/13	First Class	RR-19315	Ralph Ritter	Consumer	Wuchang	Heilongjiang	China		APAC	North Asia	OFF-LA-10001548	Office Supplies	Labels	Avery Shipping Labels, Adjustable	39	4	0	9,36	8,21	High
11819	23115	IN-2011-25889	12/7/11	12/11/11	Standard Class	BP-11185	Ben Peterman	Corporate	Goulburn	New South Wales	Australia		APAC	Oceania	TEC-MA-10002701	Technology	Machines	Konica Inkjet, Durable	561,33	2	0,1	212,01	27,12	Medium
26178	31713	CA-2014-122105	6/25/14	6/29/14	Standard Class	CJ-12010	Caroline Jumper	Consumer	Huntington Beach	California	United States	92646.0	US	West	OFF-AR-10004344	Office Supplies	Art	Bulldog Vacuum Base Pencil Sharpener	95,92	8	0	25,8984	7,48	Medium
36706	18969	ES-2014-1429134	5/29/14	6/4/14	Standard Class	LS-17230	Lycoris Saunders	Consumer	Krefeld	North Rhine-Westphalia	Germany		EU	Central	OFF-EN-10002406	Office Supplies	Envelopes	Kraft Business Envelopes, Recycled	37,68	2	0	18,42	3,09	Medium
37307	4371	MX-2013-158106	4/16/13	4/19/13	First Class	AH-10210	Alan Hwang	Consumer	Colombo	Parana	Brazil		LATAM	South	OFF-FA-10001427	Office Supplies	Fasteners	Stockwell Paper Clips, Bulk Pack	28,02	3	0	1,38	2,925	High
30335	3471	MX-2011-169656	3/11/11	3/16/11	Standard Class	RD-19930	Russell D'Ascenzo	Consumer	San Pedro Sula	Cortés	Honduras		LATAM	Central	OFF-EN-10000084	Office Supplies	Envelopes	Jiffy Manila Envelope, with clear poly window	59,1	5	0,4	9,79999999999999	5,34	Medium
29164	4262	MX-2014-143462	10/3/14	10/3/14	Same Day	TH-21100	Thea Hendricks	Consumer	Juárez	Chihuahua	Mexico		LATAM	North	FUR-CH-10001819	Furniture	Chairs	Office Star Chairmat, Set of Two	72,608	2	0,2	19,928	5,885	High
15828	26439	IN-2014-51824	6/13/14	6/18/14	Second Class	PG-18895	Paul Gonzalez	Consumer	Bangkok	Bangkok	Thailand		APAC	Southeast Asia	TEC-AC-10000269	Technology	Accessories	Memorex Numeric Keypad, USB	182,4048	8	0,47	-106,7952	18,24	Medium
29060	21722	IN-2014-33386	1/17/14	1/22/14	Standard Class	MG-17695	Maureen Gnade	Consumer	Shenyang	Liaoning	China		APAC	North Asia	OFF-LA-10003381	Office Supplies	Labels	Novimex Removable Labels, Laser Printer Compatible	87,21	9	0	43,47	5,94	Medium
16787	889	MX-2014-113775	6/6/14	6/6/14	Same Day	CA-12265	Christina Anderson	Consumer	Petapa	Guatemala	Guatemala		LATAM	Central	TEC-MA-10002306	Technology	Machines	Epson Phone, White	264,6	5	0	124,3	16,646	High
38534	1160	US-2014-107664	12/5/14	12/11/14	Standard Class	TG-21640	Trudy Glocke	Consumer	La Plata	Provincia de Buenos Aires	Argentina		LATAM	South	OFF-EN-10000258	Office Supplies	Envelopes	GlobeWeis Peel and Seal, with clear poly window	29,916	3	0,4	-10,524	2,59	Medium
2087	44592	CG-2014-5280	11/26/14	11/27/14	First Class	LL-6840	Lauren Leatherbury	Consumer	Kinshasa	Kinshasa	Democratic Republic of the Congo		Africa	Africa	TEC-APP-10003032	Technology	Phones	Apple Audio Dock, Cordless	678,96	4	0	129	130,35	Medium
12811	41797	SF-2014-2290	1/3/14	1/9/14	Standard Class	MC-7845	Michael Chen	Consumer	Cape Town	Western Cape	South Africa		Africa	Africa	TEC-CIS-10002153	Technology	Phones	Cisco Audio Dock, Cordless	184,92	1	0	24,03	24,49	Medium
28587	30708	ID-2012-86957	3/23/12	3/28/12	Standard Class	BM-11785	Bryan Mills	Consumer	Nelson	Nelson	New Zealand		APAC	Oceania	OFF-PA-10004881	Office Supplies	Paper	Xerox Computer Printout Paper, Recycled	31,5	2	0,4	-2,64	6,17	High
26003	47194	MO-2011-4910	4/15/11	4/18/11	First Class	BM-1785	Bryan Mills	Consumer	Marrakech	Marrakech-Tensift-El Haouz	Morocco		Africa	Africa	OFF-CUI-10002314	Office Supplies	Appliances	Cuisinart Coffee Grinder, Silver	39,36	1	0	7,86	7,59	High
44305	38399	CA-2011-117478	9/21/11	9/24/11	First Class	LH-16750	Larry Hughes	Consumer	Philadelphia	Pennsylvania	United States	19140.0	US	East	OFF-BI-10000050	Office Supplies	Binders	Angle-D Binders with Locking Rings, Label Holders	6,57	3	0,7	-5,037	1,36	High
37667	26921	ID-2013-34051	5/15/13	5/18/13	Second Class	DC-12850	Dan Campbell	Consumer	Wuhan	Hubei	China		APAC	North Asia	OFF-LA-10002575	Office Supplies	Labels	Smead Legal Exhibit Labels, 5000 Label Set	45,96	8	0,5	-42,36	2,82	Medium
21994	10879	ES-2012-1059651	8/17/12	8/22/12	Standard Class	BE-11335	Bill Eplett	Home Office	Evreux	Upper Normandy	France		EU	Central	FUR-FU-10001718	Furniture	Furnishings	Eldon Door Stop, Duo Pack	200,88	4	0	62,16	10,56	Medium
18882	29660	IN-2013-22417	5/15/13	5/17/13	Second Class	AF-10885	Art Foster	Consumer	Baotou	Inner Mongolia	China		APAC	North Asia	FUR-CH-10002631	Furniture	Chairs	Office Star Bag Chairs, Black	53,01	1	0	4,77	13,78	Critical
31059	31370	US-2012-134026	4/26/12	5/2/12	Standard Class	JE-15745	Joel Eaton	Consumer	Memphis	Tennessee	United States	38109.0	US	South	FUR-FU-10003708	Furniture	Furnishings	"Tenex Traditional Chairmats for Medium Pile Carpet, Standard Lip, 36"" x 48"""	97,04	2	0,2	1,213	5,04	Medium
839	25705	IN-2014-61967	1/18/14	1/22/14	Standard Class	MG-17890	Michael Granlund	Home Office	Lahore	Punjab	Pakistan		APAC	Central Asia	OFF-AP-10003963	Office Supplies	Appliances	Breville Microwave, Silver	2117,22	14	0,5	-1736,28	223,13	High
28015	11930	ES-2014-3926182	12/10/14	12/16/14	Standard Class	PV-18985	Paul Van Hugh	Home Office	Carpentras	Provence-Alpes-Côte d'Azur	France		EU	Central	OFF-ST-10001213	Office Supplies	Storage	Smead Shelving, Industrial	88,938	2	0,1	13,818	6,45	Medium
48796	36853	CA-2012-125066	12/14/12	12/18/12	Standard Class	KD-16495	Keith Dawkins	Corporate	Jackson	Mississippi	United States	39212.0	US	South	FUR-FU-10003829	Furniture	Furnishings	Stackable Trays	6,16	2	0	1,9712	0,59	High
45222	51024	NI-2011-1810	11/21/11	11/23/11	Second Class	RF-9840	Roy Französisch	Consumer	Kano	Kano	Nigeria		Africa	Africa	OFF-SME-10003134	Office Supplies	Storage	Smead Box, Single Width	6,48	2	0,7	-9,54	1,2	Critical
24301	30969	ID-2013-85732	12/18/13	12/23/13	Second Class	TG-21640	Trudy Glocke	Consumer	Gold Coast	Queensland	Australia		APAC	Oceania	TEC-AC-10003626	Technology	Accessories	Enermax Numeric Keypad, Bluetooth	68,796	2	0,4	-41,304	8,69	Medium
39581	28335	IN-2014-40932	9/25/14	9/30/14	Standard Class	TG-21640	Trudy Glocke	Consumer	Bhiwandi	Maharashtra	India		APAC	Central Asia	OFF-EN-10001975	Office Supplies	Envelopes	Kraft Business Envelopes, Security-Tint	32,88	2	0	4,26	2,34	High
41858	37924	CA-2011-138513	5/23/11	5/27/11	Standard Class	EH-13990	Erica Hackney	Consumer	Bellevue	Washington	United States	98006.0	US	West	OFF-PA-10003177	Office Supplies	Paper	Xerox 1999	12,96	2	0	6,2208	1,85	High
